<?xml version="1.0" encoding="UTF-8" ?>
<marc:collection xmlns:marc="http://www.loc.gov/MARC21/slim"
    xmlns:xsi="http://www.w3.org/2001/XMLSchema-instance"
    xsi:schemaLocation="http://www.loc.gov/MARC21/slim http://www.loc.gov/standards/marcxml/schema/MARC21slim.xsd">
    <marc:record>
        <marc:leader>03986nab a2200709 u 4500</marc:leader>
        <marc:controlfield tag="001">9916086939007426</marc:controlfield>
        <marc:controlfield tag="005">20221120165058.0</marc:controlfield>
        <marc:controlfield tag="008">150513e20150430xx |||||o|||||||||||eng||</marc:controlfield>
        <marc:datafield tag="016" ind1="7" ind2=" ">
            <marc:subfield code="a">IND601329582</marc:subfield>
            <marc:subfield code="2">DNAL</marc:subfield>
        </marc:datafield>
        <marc:datafield tag="024" ind1="7" ind2=" ">
            <marc:subfield code="a">10.1002/hyp.10358</marc:subfield>
            <marc:subfield code="2">doi</marc:subfield>
        </marc:datafield>
        <marc:datafield tag="024" ind1="7" ind2=" ">
            <marc:subfield code="a">10.1002/hyp.10358</marc:subfield>
            <marc:subfield code="2">chorus</marc:subfield>
        </marc:datafield>
        <marc:datafield tag="035" ind1=" " ind2=" ">
            <marc:subfield code="a">agid:1329582-01nal_inst</marc:subfield>
        </marc:datafield>
        <marc:datafield tag="040" ind1=" " ind2=" ">
            <marc:subfield code="a">AGL</marc:subfield>
            <marc:subfield code="b">eng</marc:subfield>
            <marc:subfield code="c">AGL</marc:subfield>
        </marc:datafield>
        <marc:datafield tag="100" ind1="1" ind2=" ">
            <marc:subfield code="a">Caldwell, Peter</marc:subfield>
            <marc:subfield code="e">author</marc:subfield>
            <marc:subfield code="u">Coweeta Hydrologic Laboratory, Center for Forest Watershed Science, USDA Forest Service, 3160 Coweeta Lab Road, Otto, NC, 28763, USA</marc:subfield>
        </marc:datafield>
        <marc:datafield tag="245" ind1="1" ind2="0">
            <marc:subfield code="a">Short‐term stream water temperature observations permit rapid assessment of potential climate change impacts</marc:subfield>
        </marc:datafield>
        <marc:datafield tag="300" ind1=" " ind2=" ">
            <marc:subfield code="a">p. 2196-2211.</marc:subfield>
        </marc:datafield>
        <marc:datafield tag="520" ind1=" " ind2=" ">
            <marc:subfield code="a">Assessment of potential climate change impacts on stream water temperature (Tₛ) across large scales remains challenging for resource managers because energy exchange processes between the atmosphere and the stream environment are complex and uncertain, and few long‐term datasets are available to evaluate changes over time. In this study, we demonstrate how simple monthly linear regression models based on short‐term historical Tₛobservations and readily available interpolated air temperature (Tₐ) estimates can be used for rapid assessment of historical and future changes in Tₛ. Models were developed for 61 sites in the southeastern USA using ≥18 months of observations and were validated at sites with longer periods of record. The Tₛmodels were then used to estimate temporal changes in Tₛat each site using both historical estimates and future Tₐprojections. Results suggested that the linear regression models adequately explained the variability in Tₛacross sites, and the relationships between Tₛand Tₐremained consistent over 37 years. We estimated that most sites had increases in historical annual mean Tₛbetween 1961 and 2010 (mean of +0.11 °C decade⁻¹). All 61 sites were projected to experience increases in Tₛfrom 2011 to 2060 under the three climate projections evaluated (mean of +0.41 °C decade⁻¹). Several of the sites with the largest historical and future Tₛchanges were located in ecoregions home to temperature‐sensitive fish species. This methodology can be used by resource managers for rapid assessment of potential climate change impacts on stream water temperature.</marc:subfield>
        </marc:datafield>
        <marc:datafield tag="592" ind1=" " ind2=" ">
            <marc:subfield code="a">Publisher supplied data</marc:subfield>
        </marc:datafield>
        <marc:datafield tag="593" ind1=" " ind2=" ">
            <marc:subfield code="a">PubAg article</marc:subfield>
        </marc:datafield>
        <marc:datafield tag="650" ind1=" " ind2="3">
            <marc:subfield code="a">air temperature</marc:subfield>
        </marc:datafield>
        <marc:datafield tag="650" ind1=" " ind2="3">
            <marc:subfield code="a">climate</marc:subfield>
        </marc:datafield>
        <marc:datafield tag="650" ind1=" " ind2="3">
            <marc:subfield code="a">climate change</marc:subfield>
        </marc:datafield>
        <marc:datafield tag="650" ind1=" " ind2="3">
            <marc:subfield code="a">data collection</marc:subfield>
        </marc:datafield>
        <marc:datafield tag="650" ind1=" " ind2="3">
            <marc:subfield code="a">ecoregions</marc:subfield>
        </marc:datafield>
        <marc:datafield tag="650" ind1=" " ind2="3">
            <marc:subfield code="a">energy transfer</marc:subfield>
        </marc:datafield>
        <marc:datafield tag="650" ind1=" " ind2="3">
            <marc:subfield code="a">fish</marc:subfield>
        </marc:datafield>
        <marc:datafield tag="650" ind1=" " ind2="3">
            <marc:subfield code="a">hydrology</marc:subfield>
        </marc:datafield>
        <marc:datafield tag="650" ind1=" " ind2="3">
            <marc:subfield code="a">linear models</marc:subfield>
        </marc:datafield>
        <marc:datafield tag="650" ind1=" " ind2="3">
            <marc:subfield code="a">managers</marc:subfield>
        </marc:datafield>
        <marc:datafield tag="650" ind1=" " ind2="3">
            <marc:subfield code="a">rapid methods</marc:subfield>
        </marc:datafield>
        <marc:datafield tag="650" ind1=" " ind2="3">
            <marc:subfield code="a">regression analysis</marc:subfield>
        </marc:datafield>
        <marc:datafield tag="650" ind1=" " ind2="3">
            <marc:subfield code="a">streams</marc:subfield>
        </marc:datafield>
        <marc:datafield tag="650" ind1=" " ind2="3">
            <marc:subfield code="a">temporal variation</marc:subfield>
        </marc:datafield>
        <marc:datafield tag="650" ind1=" " ind2="3">
            <marc:subfield code="a">water temperature</marc:subfield>
        </marc:datafield>
        <marc:datafield tag="651" ind1=" " ind2="3">
            <marc:subfield code="a">United States</marc:subfield>
        </marc:datafield>
        <marc:datafield tag="700" ind1="1" ind2=" ">
            <marc:subfield code="a">Segura, Catalina</marc:subfield>
            <marc:subfield code="e">author</marc:subfield>
        </marc:datafield>
        <marc:datafield tag="700" ind1="1" ind2=" ">
            <marc:subfield code="a">Gull Laird, Shelby</marc:subfield>
            <marc:subfield code="e">author</marc:subfield>
        </marc:datafield>
        <marc:datafield tag="700" ind1="1" ind2=" ">
            <marc:subfield code="a">Sun, Ge</marc:subfield>
            <marc:subfield code="e">author</marc:subfield>
        </marc:datafield>
        <marc:datafield tag="700" ind1="1" ind2=" ">
            <marc:subfield code="a">McNulty, Steven G.</marc:subfield>
            <marc:subfield code="e">author</marc:subfield>
        </marc:datafield>
        <marc:datafield tag="700" ind1="1" ind2=" ">
            <marc:subfield code="a">Sandercock, Maria</marc:subfield>
            <marc:subfield code="e">author</marc:subfield>
        </marc:datafield>
        <marc:datafield tag="700" ind1="1" ind2=" ">
            <marc:subfield code="a">Boggs, Johnny</marc:subfield>
            <marc:subfield code="e">author</marc:subfield>
        </marc:datafield>
        <marc:datafield tag="700" ind1="1" ind2=" ">
            <marc:subfield code="a">Vose, James M.</marc:subfield>
            <marc:subfield code="e">author</marc:subfield>
        </marc:datafield>
        <marc:datafield tag="773" ind1="0" ind2=" ">
            <marc:subfield code="t">Hydrological processes.</marc:subfield>
            <marc:subfield code="g">2015 Apr. 30, v. 29, no. 9 p.2196-2211</marc:subfield>
            <marc:subfield code="d">Wiley</marc:subfield>
            <marc:subfield code="x">0885-6087</marc:subfield>
            <marc:subfield code="7">nnas</marc:subfield>
        </marc:datafield>
        <marc:datafield tag="787" ind1="1" ind2=" ">
            <marc:subfield code="o">islandora_article_repository</marc:subfield>
        </marc:datafield>
        <marc:datafield tag="787" ind1="1" ind2=" ">
            <marc:subfield code="o">product_pubag</marc:subfield>
        </marc:datafield>
        <marc:datafield tag="787" ind1="1" ind2=" ">
            <marc:subfield code="o">(Journal)jnl3938466</marc:subfield>
        </marc:datafield>
        <marc:datafield tag="856" ind1="4" ind2="0">
            <marc:subfield code="u">http://dx.doi.org/10.1002/hyp.10358</marc:subfield>
            <marc:subfield code="3">Available from publisher's site</marc:subfield>
        </marc:datafield>
        <marc:datafield tag="912" ind1=" " ind2=" ">
            <marc:subfield code="a">Article</marc:subfield>
        </marc:datafield>
        <marc:datafield tag="914" ind1=" " ind2=" ">
            <marc:subfield code="a">Journal:jnl3938466</marc:subfield>
            <marc:subfield code="b">0885-6087</marc:subfield>
            <marc:subfield code="c">29</marc:subfield>
            <marc:subfield code="d">9</marc:subfield>
            <marc:subfield code="e">2196</marc:subfield>
        </marc:datafield>
        <marc:datafield tag="914" ind1=" " ind2=" ">
            <marc:subfield code="f">Hydrological processes</marc:subfield>
        </marc:datafield>
        <marc:datafield tag="916" ind1=" " ind2=" ">
            <marc:subfield code="a">Batch:933</marc:subfield>
        </marc:datafield>
        <marc:datafield tag="917" ind1=" " ind2=" ">
            <marc:subfield code="a">issued</marc:subfield>
        </marc:datafield>
        <marc:datafield tag="918" ind1="2" ind2=" ">
            <marc:subfield code="a">John Wiley &amp; Sons, Inc</marc:subfield>
            <marc:subfield code="e">provider</marc:subfield>
            <marc:subfield code="5">DNAL</marc:subfield>
        </marc:datafield>
        <marc:datafield tag="935" ind1=" " ind2=" ">
            <marc:subfield code="a">IND601329582</marc:subfield>
            <marc:subfield code="9">ExL</marc:subfield>
        </marc:datafield>
        <marc:datafield tag="949" ind1=" " ind2=" ">
            <marc:subfield code="a">2020-03-06</marc:subfield>
        </marc:datafield>
        <marc:datafield tag="953" ind1=" " ind2=" ">
            <marc:subfield code="a">08856087_2015_29_9.xml</marc:subfield>
        </marc:datafield>
        <marc:datafield tag="961" ind1=" " ind2=" ">
            <marc:subfield code="a">USDA/FS</marc:subfield>
        </marc:datafield>
        <marc:datafield tag="962" ind1=" " ind2=" ">
            <marc:subfield code="a">Batch:933 reviewed on 2015-06-29T11:00:02Z</marc:subfield>
        </marc:datafield>
        <marc:datafield tag="962" ind1=" " ind2=" ">
            <marc:subfield code="a">Batch:933 reviewed on 2015-06-29T16:00:03Z</marc:subfield>
        </marc:datafield>
        <marc:datafield tag="974" ind1=" " ind2=" ">
            <marc:subfield code="a">agid:1329582</marc:subfield>
        </marc:datafield>
        <marc:datafield tag="983" ind1=" " ind2=" ">
            <marc:subfield code="a">2015-05-13</marc:subfield>
        </marc:datafield>
        <marc:datafield tag="984" ind1=" " ind2=" ">
            <marc:subfield code="a">2020-03-06</marc:subfield>
        </marc:datafield>
    </marc:record>