
    <marc:record>
        <marc:leader>04213nab a2200625 u 4500</marc:leader>
        <marc:controlfield tag="001">9916128465807426</marc:controlfield>
        <marc:controlfield tag="005">20221121012410.0</marc:controlfield>
        <marc:controlfield tag="008">191231e201908  xx |||||o|||||||||||eng||</marc:controlfield>
        <marc:datafield tag="016" ind1="7" ind2=" ">
            <marc:subfield code="a">IND606629768</marc:subfield>
            <marc:subfield code="2">DNAL</marc:subfield>
        </marc:datafield>
        <marc:datafield tag="024" ind1="7" ind2=" ">
            <marc:subfield code="a">10.1016/j.cosust.2019.08.005</marc:subfield>
            <marc:subfield code="2">doi</marc:subfield>
        </marc:datafield>
        <marc:datafield tag="035" ind1=" " ind2=" ">
            <marc:subfield code="a">agid:6629768-01nal_inst</marc:subfield>
        </marc:datafield>
        <marc:datafield tag="040" ind1=" " ind2=" ">
            <marc:subfield code="a">AGL</marc:subfield>
            <marc:subfield code="b">eng</marc:subfield>
            <marc:subfield code="c">AGL</marc:subfield>
        </marc:datafield>
        <marc:datafield tag="100" ind1="1" ind2=" ">
            <marc:subfield code="a">Araujo, Moacyr</marc:subfield>
            <marc:subfield code="e">author</marc:subfield>
            <marc:subfield code="u">UFPE - Universidade Federal de Pernambuco, Av. Arquitetura, s/n, Recife, 50740-550, PE, Brazil</marc:subfield>
            <marc:subfield code="1">https://orcid.org/0000-0001-8462-6446</marc:subfield>
        </marc:datafield>
        <marc:datafield tag="245" ind1="1" ind2="4">
            <marc:subfield code="a">The socio-ecological Nexus+ approach used by the Brazilian Research Network on Global Climate Change</marc:subfield>
        </marc:datafield>
        <marc:datafield tag="300" ind1=" " ind2=" ">
            <marc:subfield code="a">p. 62-70.</marc:subfield>
        </marc:datafield>
        <marc:datafield tag="520" ind1=" " ind2=" ">
            <marc:subfield code="a">The Brazilian Research Network on Global Climate Change (Rede CLIMA) is an interdisciplinary network composed of 16 research groups, which interact in different levels and programs. This work aims at building climate change cause–effect research from a ‘Nexus+’ perspective, considering the added value of flexibility and adaptability of the concept. The article draws on the Nexus literature alongside a case study in São Francisco River Basin, Northeast Brazil. An additional pillar to the Nexus approach is proposed here, the socio-ecological security, which can be defined as a political-territorial dimension of coupled social and ecological systems. A collaborative research-practice frame was applied to the study region, a hotspot of climate vulnerability in Brazil. Our results highlight the need for this fourth component to address socio-ecological sustainability into context.</marc:subfield>
        </marc:datafield>
        <marc:datafield tag="592" ind1=" " ind2=" ">
            <marc:subfield code="a">Publisher supplied data</marc:subfield>
        </marc:datafield>
        <marc:datafield tag="593" ind1=" " ind2=" ">
            <marc:subfield code="a">PubAg article</marc:subfield>
        </marc:datafield>
        <marc:datafield tag="650" ind1=" " ind2="3">
            <marc:subfield code="a">case studies</marc:subfield>
        </marc:datafield>
        <marc:datafield tag="650" ind1=" " ind2="3">
            <marc:subfield code="a">climate</marc:subfield>
        </marc:datafield>
        <marc:datafield tag="650" ind1=" " ind2="3">
            <marc:subfield code="a">climate change</marc:subfield>
        </marc:datafield>
        <marc:datafield tag="650" ind1=" " ind2="3">
            <marc:subfield code="a">ecosystems</marc:subfield>
        </marc:datafield>
        <marc:datafield tag="650" ind1=" " ind2="3">
            <marc:subfield code="a">sustainable development</marc:subfield>
        </marc:datafield>
        <marc:datafield tag="650" ind1=" " ind2="3">
            <marc:subfield code="a">watersheds</marc:subfield>
        </marc:datafield>
        <marc:datafield tag="651" ind1=" " ind2="3">
            <marc:subfield code="a">Brazil</marc:subfield>
        </marc:datafield>
        <marc:datafield tag="700" ind1="1" ind2=" ">
            <marc:subfield code="a">Ometto, Jean</marc:subfield>
            <marc:subfield code="e">author</marc:subfield>
            <marc:subfield code="u">INPE – Instituto Nacional de Pesquisas Espaciais, Av. dos Astronautas, 1758, São José dos Campos, 12227-010, SP, Brazil</marc:subfield>
        </marc:datafield>
        <marc:datafield tag="700" ind1="1" ind2=" ">
            <marc:subfield code="a">Rodrigues-Filho, Saulo</marc:subfield>
            <marc:subfield code="e">author</marc:subfield>
            <marc:subfield code="u">UnB – Universidade de Brasília, Campus Universitário Darcy Ribeiro, Brasília, 70910-900, DF, Brazil</marc:subfield>
        </marc:datafield>
        <marc:datafield tag="700" ind1="1" ind2=" ">
            <marc:subfield code="a">Bursztyn, Marcel</marc:subfield>
            <marc:subfield code="e">author</marc:subfield>
            <marc:subfield code="u">UnB – Universidade de Brasília, Campus Universitário Darcy Ribeiro, Brasília, 70910-900, DF, Brazil</marc:subfield>
            <marc:subfield code="1">https://orcid.org/0000-0002-2680-9145</marc:subfield>
        </marc:datafield>
        <marc:datafield tag="700" ind1="1" ind2=" ">
            <marc:subfield code="a">Lindoso, Diego P</marc:subfield>
            <marc:subfield code="e">author</marc:subfield>
            <marc:subfield code="u">UnB – Universidade de Brasília, Campus Universitário Darcy Ribeiro, Brasília, 70910-900, DF, Brazil</marc:subfield>
        </marc:datafield>
        <marc:datafield tag="700" ind1="1" ind2=" ">
            <marc:subfield code="a">Litre, Gabriela</marc:subfield>
            <marc:subfield code="e">author</marc:subfield>
            <marc:subfield code="u">UnB – Universidade de Brasília, Campus Universitário Darcy Ribeiro, Brasília, 70910-900, DF, Brazil</marc:subfield>
        </marc:datafield>
        <marc:datafield tag="700" ind1="1" ind2=" ">
            <marc:subfield code="a">Gaivizzo, Larisa</marc:subfield>
            <marc:subfield code="e">author</marc:subfield>
            <marc:subfield code="u">UnB – Universidade de Brasília, Campus Universitário Darcy Ribeiro, Brasília, 70910-900, DF, Brazil</marc:subfield>
        </marc:datafield>
        <marc:datafield tag="700" ind1="1" ind2=" ">
            <marc:subfield code="a">Ferreira, Julia L</marc:subfield>
            <marc:subfield code="e">author</marc:subfield>
            <marc:subfield code="u">UnB – Universidade de Brasília, Campus Universitário Darcy Ribeiro, Brasília, 70910-900, DF, Brazil</marc:subfield>
            <marc:subfield code="1">https://orcid.org/0000-0003-3891-6148</marc:subfield>
        </marc:datafield>
        <marc:datafield tag="700" ind1="1" ind2=" ">
            <marc:subfield code="a">Reis, Rafael M</marc:subfield>
            <marc:subfield code="e">author</marc:subfield>
            <marc:subfield code="u">UnB – Universidade de Brasília, Campus Universitário Darcy Ribeiro, Brasília, 70910-900, DF, Brazil</marc:subfield>
        </marc:datafield>
        <marc:datafield tag="700" ind1="1" ind2=" ">
            <marc:subfield code="a">Assad, Eduardo</marc:subfield>
            <marc:subfield code="e">author</marc:subfield>
            <marc:subfield code="u">EMBRAPA Empresa Brasileira de Pesquisa Agropecuária, Campus da Unicamp, Campinas, SP, Brazil</marc:subfield>
        </marc:datafield>
        <marc:datafield tag="773" ind1="0" ind2=" ">
            <marc:subfield code="t">Current opinion in environmental sustainability.</marc:subfield>
            <marc:subfield code="g">2019 Aug., v. 39 p.62-70</marc:subfield>
            <marc:subfield code="d">Elsevier B.V.</marc:subfield>
            <marc:subfield code="w">Journal:2237</marc:subfield>
            <marc:subfield code="x">1877-3435</marc:subfield>
            <marc:subfield code="7">nnas</marc:subfield>
        </marc:datafield>
        <marc:datafield tag="787" ind1="1" ind2=" ">
            <marc:subfield code="o">islandora_article_repository</marc:subfield>
        </marc:datafield>
        <marc:datafield tag="787" ind1="1" ind2=" ">
            <marc:subfield code="o">product_pubag</marc:subfield>
        </marc:datafield>
        <marc:datafield tag="787" ind1="1" ind2=" ">
            <marc:subfield code="o">(Journal)2237</marc:subfield>
        </marc:datafield>
        <marc:datafield tag="856" ind1="4" ind2="0">
            <marc:subfield code="u">https://dx.doi.org/10.1016/j.cosust.2019.08.005</marc:subfield>
            <marc:subfield code="3">Available from publisher's site</marc:subfield>
        </marc:datafield>
        <marc:datafield tag="912" ind1=" " ind2=" ">
            <marc:subfield code="a">Article</marc:subfield>
        </marc:datafield>
        <marc:datafield tag="914" ind1=" " ind2=" ">
            <marc:subfield code="a">Journal:2237</marc:subfield>
            <marc:subfield code="b">1877-3435</marc:subfield>
        </marc:datafield>
        <marc:datafield tag="914" ind1=" " ind2=" ">
            <marc:subfield code="f">Current opinion in environmental sustainability</marc:subfield>
        </marc:datafield>
        <marc:datafield tag="916" ind1=" " ind2=" ">
            <marc:subfield code="a">Batch:2411</marc:subfield>
        </marc:datafield>
        <marc:datafield tag="917" ind1=" " ind2=" ">
            <marc:subfield code="a">issued</marc:subfield>
        </marc:datafield>
        <marc:datafield tag="918" ind1="2" ind2=" ">
            <marc:subfield code="a">Elsevier Consyn</marc:subfield>
            <marc:subfield code="e">provider</marc:subfield>
            <marc:subfield code="5">DNAL</marc:subfield>
        </marc:datafield>
        <marc:datafield tag="935" ind1=" " ind2=" ">
            <marc:subfield code="a">IND606629768</marc:subfield>
            <marc:subfield code="9">ExL</marc:subfield>
        </marc:datafield>
        <marc:datafield tag="949" ind1=" " ind2=" ">
            <marc:subfield code="a">2020-03-02</marc:subfield>
        </marc:datafield>
        <marc:datafield tag="953" ind1=" " ind2=" ">
            <marc:subfield code="a">/data/metadata/incoming/consyn/561633683058420811-00003-HEAD-ONLY-NEWCONSYNISSNS.zip</marc:subfield>
        </marc:datafield>
        <marc:datafield tag="954" ind1=" " ind2=" ">
            <marc:subfield code="a">file:/data/metadata/staging/consyn/S1877343518301337.xml</marc:subfield>
        </marc:datafield>
        <marc:datafield tag="955" ind1=" " ind2=" ">
            <marc:subfield code="a">/data/metadata/staging/consyn/</marc:subfield>
        </marc:datafield>
        <marc:datafield tag="961" ind1=" " ind2=" ">
            <marc:subfield code="a">USDA/DA</marc:subfield>
        </marc:datafield>
        <marc:datafield tag="962" ind1=" " ind2=" ">
            <marc:subfield code="a">Batch:2411 reviewed on 2020-03-02T04:00:04Z</marc:subfield>
        </marc:datafield>
        <marc:datafield tag="974" ind1=" " ind2=" ">
            <marc:subfield code="a">agid:6629768</marc:subfield>
        </marc:datafield>
        <marc:datafield tag="983" ind1=" " ind2=" ">
            <marc:subfield code="a">2019-12-31</marc:subfield>
        </marc:datafield>
        <marc:datafield tag="984" ind1=" " ind2=" ">
            <marc:subfield code="a">2020-03-02</marc:subfield>
        </marc:datafield>
    </marc:record>