
    <marc:record>
        <marc:leader>04201nab a2200601 u 4500</marc:leader>
        <marc:controlfield tag="001">9916131638307426</marc:controlfield>
        <marc:controlfield tag="005">20221122151102.0</marc:controlfield>
        <marc:controlfield tag="008">180619e201708  xx |||||o|||||||||||eng||</marc:controlfield>
        <marc:datafield tag="016" ind1="7" ind2=" ">
            <marc:subfield code="a">IND605794213</marc:subfield>
            <marc:subfield code="2">DNAL</marc:subfield>
        </marc:datafield>
        <marc:datafield tag="024" ind1="7" ind2=" ">
            <marc:subfield code="a">10.1007/s12665-017-6751-1</marc:subfield>
            <marc:subfield code="2">doi</marc:subfield>
        </marc:datafield>
        <marc:datafield tag="035" ind1=" " ind2=" ">
            <marc:subfield code="a">agid:5794213-01nal_inst</marc:subfield>
        </marc:datafield>
        <marc:datafield tag="040" ind1=" " ind2=" ">
            <marc:subfield code="a">AGL</marc:subfield>
            <marc:subfield code="b">eng</marc:subfield>
            <marc:subfield code="c">AGL</marc:subfield>
        </marc:datafield>
        <marc:datafield tag="100" ind1="1" ind2=" ">
            <marc:subfield code="a">Galloza, MagdaS.</marc:subfield>
            <marc:subfield code="e">author</marc:subfield>
            <marc:subfield code="u">USDA-ARS Jornada Experimental Range, MSC 3 JER, NMSU, Box 30003, Las Cruces, NM, 88003, USA. mgalloza@gmail.com</marc:subfield>
            <marc:subfield code="1">http://orcid.org/0000-0002-4713-1951</marc:subfield>
        </marc:datafield>
        <marc:datafield tag="245" ind1="1" ind2="0">
            <marc:subfield code="a">Predicting land at risk from wind erosion using an index-based framework under a climate change scenario in Durango, Mexico</marc:subfield>
        </marc:datafield>
        <marc:datafield tag="300" ind1=" " ind2=" ">
            <marc:subfield code="a">p. 560.</marc:subfield>
        </marc:datafield>
        <marc:datafield tag="520" ind1=" " ind2=" ">
            <marc:subfield code="a">Land degradation takes place primarily in drylands which make up for almost 50% of the cultivated lands, globally. The 90% of Mexican territory is currently experiencing land deterioration mainly due to anthropogenic land use changes and still expecting further deterioration. While efforts have been directed toward the impact of land use changes on wind erosion in dryland ecosystems, there is still high uncertainty on the nature of wind erosion sources. This challenge was addressed by developing and evaluating a method for completing spatial assessments of vulnerable zones currently experiencing accelerated soil erosion and to predict those areas where soil erosion is likely to occur in the near future. This approach is tested over a study area in the Comarca Lagunera, Durango, Mexico. Spatiotemporal patterns and variability in soil erosion and aridity were evaluated, as well as the identification of key characteristics driving soil degradation in the area. Results demonstrate that the suggested methodology can be effectively used to spatially delineate potential locations susceptible to soil degradation (e.g., moderate-risk zones and/or high-risk zones), not only in the present time but also to predict those locations in the near future. This provides the opportunity of spatially defined areas of interest based on specific relationships between edaphological properties and its vulnerability to climate variability. This type of approach could be valuable to identify critical locations that should be treated as a priority for monitoring and managing accelerated soil degradation.</marc:subfield>
        </marc:datafield>
        <marc:datafield tag="592" ind1=" " ind2=" ">
            <marc:subfield code="a">Publisher supplied data</marc:subfield>
        </marc:datafield>
        <marc:datafield tag="593" ind1=" " ind2=" ">
            <marc:subfield code="a">PubAg article</marc:subfield>
        </marc:datafield>
        <marc:datafield tag="650" ind1=" " ind2="3">
            <marc:subfield code="a">arid lands</marc:subfield>
        </marc:datafield>
        <marc:datafield tag="650" ind1=" " ind2="3">
            <marc:subfield code="a">climate</marc:subfield>
        </marc:datafield>
        <marc:datafield tag="650" ind1=" " ind2="3">
            <marc:subfield code="a">climate change</marc:subfield>
        </marc:datafield>
        <marc:datafield tag="650" ind1=" " ind2="3">
            <marc:subfield code="a">dry environmental conditions</marc:subfield>
        </marc:datafield>
        <marc:datafield tag="650" ind1=" " ind2="3">
            <marc:subfield code="a">ecosystems</marc:subfield>
        </marc:datafield>
        <marc:datafield tag="650" ind1=" " ind2="3">
            <marc:subfield code="a">land degradation</marc:subfield>
        </marc:datafield>
        <marc:datafield tag="650" ind1=" " ind2="3">
            <marc:subfield code="a">land use change</marc:subfield>
        </marc:datafield>
        <marc:datafield tag="650" ind1=" " ind2="3">
            <marc:subfield code="a">monitoring</marc:subfield>
        </marc:datafield>
        <marc:datafield tag="650" ind1=" " ind2="3">
            <marc:subfield code="a">prediction</marc:subfield>
        </marc:datafield>
        <marc:datafield tag="650" ind1=" " ind2="3">
            <marc:subfield code="a">risk</marc:subfield>
        </marc:datafield>
        <marc:datafield tag="650" ind1=" " ind2="3">
            <marc:subfield code="a">uncertainty</marc:subfield>
        </marc:datafield>
        <marc:datafield tag="650" ind1=" " ind2="3">
            <marc:subfield code="a">wind erosion</marc:subfield>
        </marc:datafield>
        <marc:datafield tag="651" ind1=" " ind2="3">
            <marc:subfield code="a">Mexico</marc:subfield>
        </marc:datafield>
        <marc:datafield tag="700" ind1="1" ind2=" ">
            <marc:subfield code="a">López-Santos, Armando</marc:subfield>
            <marc:subfield code="e">author</marc:subfield>
            <marc:subfield code="u">Graduate Programa in Recursos Bióticos y Medio Ambiente de Zonas Áridas, Unidad Regional Universitaria de Zonas Áridas, Universidad Autónoma Chapingo, Km. 40 Rd. Gómez Palacio-Chihuahua, ZC 35230, Bermejillo, Dgo, México</marc:subfield>
        </marc:datafield>
        <marc:datafield tag="700" ind1="1" ind2=" ">
            <marc:subfield code="a">Martínez-Santiago, Santos</marc:subfield>
            <marc:subfield code="e">author</marc:subfield>
            <marc:subfield code="u">Graduate Programa in Recursos Bióticos y Medio Ambiente de Zonas Áridas, Unidad Regional Universitaria de Zonas Áridas, Universidad Autónoma Chapingo, Km. 40 Rd. Gómez Palacio-Chihuahua, ZC 35230, Bermejillo, Dgo, México</marc:subfield>
        </marc:datafield>
        <marc:datafield tag="773" ind1="0" ind2=" ">
            <marc:subfield code="t">Environmental earth sciences.</marc:subfield>
            <marc:subfield code="g">2017 Aug., v. 76, no. 16 p.560-560</marc:subfield>
            <marc:subfield code="d">Springer Berlin Heidelberg</marc:subfield>
            <marc:subfield code="w">Journal:J000001228</marc:subfield>
            <marc:subfield code="x">1866-6280</marc:subfield>
            <marc:subfield code="7">nnas</marc:subfield>
        </marc:datafield>
        <marc:datafield tag="787" ind1="1" ind2=" ">
            <marc:subfield code="o">islandora_article_repository</marc:subfield>
        </marc:datafield>
        <marc:datafield tag="787" ind1="1" ind2=" ">
            <marc:subfield code="o">product_pubag</marc:subfield>
        </marc:datafield>
        <marc:datafield tag="787" ind1="1" ind2=" ">
            <marc:subfield code="o">(Journal)J000001228</marc:subfield>
        </marc:datafield>
        <marc:datafield tag="856" ind1="4" ind2="0">
            <marc:subfield code="u">https://dx.doi.org/10.1007/s12665-017-6751-1</marc:subfield>
            <marc:subfield code="3">Available from publisher's site</marc:subfield>
        </marc:datafield>
        <marc:datafield tag="912" ind1=" " ind2=" ">
            <marc:subfield code="a">Article</marc:subfield>
        </marc:datafield>
        <marc:datafield tag="914" ind1=" " ind2=" ">
            <marc:subfield code="a">Journal:J000001228</marc:subfield>
            <marc:subfield code="b">1866-6280</marc:subfield>
            <marc:subfield code="c">76</marc:subfield>
            <marc:subfield code="d">16</marc:subfield>
            <marc:subfield code="e">560</marc:subfield>
        </marc:datafield>
        <marc:datafield tag="914" ind1=" " ind2=" ">
            <marc:subfield code="f">Environmental earth sciences</marc:subfield>
        </marc:datafield>
        <marc:datafield tag="916" ind1=" " ind2=" ">
            <marc:subfield code="a">Batch:1825</marc:subfield>
        </marc:datafield>
        <marc:datafield tag="917" ind1=" " ind2=" ">
            <marc:subfield code="a">issued</marc:subfield>
        </marc:datafield>
        <marc:datafield tag="918" ind1="2" ind2=" ">
            <marc:subfield code="a">Springer</marc:subfield>
            <marc:subfield code="e">provider</marc:subfield>
            <marc:subfield code="5">DNAL</marc:subfield>
        </marc:datafield>
        <marc:datafield tag="935" ind1=" " ind2=" ">
            <marc:subfield code="a">IND605794213</marc:subfield>
            <marc:subfield code="9">ExL</marc:subfield>
        </marc:datafield>
        <marc:datafield tag="949" ind1=" " ind2=" ">
            <marc:subfield code="a">2018-06-19</marc:subfield>
        </marc:datafield>
        <marc:datafield tag="953" ind1=" " ind2=" ">
            <marc:subfield code="a">/data/metadata/incoming/springer/ftp_PUB_18-03-02_09-07-06.zip</marc:subfield>
        </marc:datafield>
        <marc:datafield tag="954" ind1=" " ind2=" ">
            <marc:subfield code="a">file:/data/metadata/staging/springer/12665-76-16.xml</marc:subfield>
        </marc:datafield>
        <marc:datafield tag="955" ind1=" " ind2=" ">
            <marc:subfield code="a">/data/metadata/staging/springer/</marc:subfield>
        </marc:datafield>
        <marc:datafield tag="961" ind1=" " ind2=" ">
            <marc:subfield code="a">USDA/ARS</marc:subfield>
        </marc:datafield>
        <marc:datafield tag="974" ind1=" " ind2=" ">
            <marc:subfield code="a">agid:5794213</marc:subfield>
        </marc:datafield>
        <marc:datafield tag="983" ind1=" " ind2=" ">
            <marc:subfield code="a">2018-06-19</marc:subfield>
        </marc:datafield>
        <marc:datafield tag="984" ind1=" " ind2=" ">
            <marc:subfield code="a">2018-06-19</marc:subfield>
        </marc:datafield>
    </marc:record>