
    <marc:record>
        <marc:leader>04432nab a2200637 u 4500</marc:leader>
        <marc:controlfield tag="001">9915858248807426</marc:controlfield>
        <marc:controlfield tag="005">20221119095059.0</marc:controlfield>
        <marc:controlfield tag="008">220808e202101  xx |||||o|||||||||||eng||</marc:controlfield>
        <marc:datafield tag="016" ind1="7" ind2=" ">
            <marc:subfield code="a">IND607871757</marc:subfield>
            <marc:subfield code="2">DNAL</marc:subfield>
        </marc:datafield>
        <marc:datafield tag="024" ind1="7" ind2=" ">
            <marc:subfield code="a">10.1002/jwmg.21969</marc:subfield>
            <marc:subfield code="2">doi</marc:subfield>
        </marc:datafield>
        <marc:datafield tag="035" ind1=" " ind2=" ">
            <marc:subfield code="a">agid:7871757-01nal_inst</marc:subfield>
        </marc:datafield>
        <marc:datafield tag="040" ind1=" " ind2=" ">
            <marc:subfield code="a">AGL</marc:subfield>
            <marc:subfield code="b">eng</marc:subfield>
            <marc:subfield code="c">AGL</marc:subfield>
        </marc:datafield>
        <marc:datafield tag="100" ind1="1" ind2=" ">
            <marc:subfield code="a">LEDee, Olivia E.</marc:subfield>
            <marc:subfield code="e">author</marc:subfield>
            <marc:subfield code="u">U.S. Geological Survey, Northeast Climate Adaptation Science Center, 1992 Folwell Avenue, St. Paul, MN, 55116, USA</marc:subfield>
        </marc:datafield>
        <marc:datafield tag="245" ind1="1" ind2="0">
            <marc:subfield code="a">Preparing Wildlife for Climate Change: How Far Have We Come?</marc:subfield>
        </marc:datafield>
        <marc:datafield tag="300" ind1=" " ind2=" ">
            <marc:subfield code="a">p. 7-16.</marc:subfield>
        </marc:datafield>
        <marc:datafield tag="500" ind1=" " ind2=" ">
            <marc:subfield code="a">REVIEW</marc:subfield>
        </marc:datafield>
        <marc:datafield tag="520" ind1=" " ind2=" ">
            <marc:subfield code="a">Global biodiversity is in unprecedented decline and on‐the‐ground solutions are imperative for conservation. Although there is a large volume of evidence related to climate change effects on wildlife, research on climate adaptation strategies is lagging. To assess the current state of knowledge in climate adaptation, we conducted a comprehensive literature review and evaluated 1,346 peer‐reviewed publications for management recommendations designed to address the consequences of climate change on wildlife populations. From 509 publications, we identified 2,306 recommendations and employed both qualitative and quantitative methods for data analysis. Although we found an increase in the volume and diversity of recommendations since 2007, a focus on protected areas (26%, 596 of 2,306 recommendations) and the non‐reserve matrix (12%, 276 of 2,306 recommendations) remained prominent in the climate adaptation literature. Common concepts include protected areas, invasive species, ecosystem services, adaptive management, stepping stones, assisted migration, and conservation easements. In contrast, only 1% of recommendations focused on reproduction (n = 26), survival (n = 14), disease (n = 26), or human‐wildlife conflict (n = 24). Few recommendations reflected the potential for local‐scale management interventions. We demonstrate limited advancement in preparing natural resource managers in climate adaptation at local, management‐relevant scales. Additional research is needed to identify and evaluate climate adaptation strategies aimed at reducing the vulnerability of wildlife to contemporary climate change. © 2020 The Wildlife Society.</marc:subfield>
        </marc:datafield>
        <marc:datafield tag="592" ind1=" " ind2=" ">
            <marc:subfield code="a">Publisher supplied data</marc:subfield>
        </marc:datafield>
        <marc:datafield tag="593" ind1=" " ind2=" ">
            <marc:subfield code="a">PubAg article</marc:subfield>
        </marc:datafield>
        <marc:datafield tag="596" ind1=" " ind2=" ">
            <marc:subfield code="c">U.S. Geological Survey Northeast Climate Adaptation Science Center</marc:subfield>
        </marc:datafield>
        <marc:datafield tag="596" ind1=" " ind2=" ">
            <marc:subfield code="c">United States Forest Service Northern Research Station</marc:subfield>
        </marc:datafield>
        <marc:datafield tag="650" ind1=" " ind2="3">
            <marc:subfield code="a">adaptive management</marc:subfield>
        </marc:datafield>
        <marc:datafield tag="650" ind1=" " ind2="3">
            <marc:subfield code="a">biodiversity</marc:subfield>
        </marc:datafield>
        <marc:datafield tag="650" ind1=" " ind2="3">
            <marc:subfield code="a">climate</marc:subfield>
        </marc:datafield>
        <marc:datafield tag="650" ind1=" " ind2="3">
            <marc:subfield code="a">climate change</marc:subfield>
        </marc:datafield>
        <marc:datafield tag="650" ind1=" " ind2="3">
            <marc:subfield code="a">decline</marc:subfield>
        </marc:datafield>
        <marc:datafield tag="650" ind1=" " ind2="3">
            <marc:subfield code="a">ecosystems</marc:subfield>
        </marc:datafield>
        <marc:datafield tag="650" ind1=" " ind2="3">
            <marc:subfield code="a">human-wildlife relations</marc:subfield>
        </marc:datafield>
        <marc:datafield tag="650" ind1=" " ind2="3">
            <marc:subfield code="a">invasive species</marc:subfield>
        </marc:datafield>
        <marc:datafield tag="650" ind1=" " ind2="3">
            <marc:subfield code="a">reproduction</marc:subfield>
        </marc:datafield>
        <marc:datafield tag="650" ind1=" " ind2="3">
            <marc:subfield code="a">wildlife</marc:subfield>
        </marc:datafield>
        <marc:datafield tag="650" ind1=" " ind2="3">
            <marc:subfield code="a">wildlife management</marc:subfield>
        </marc:datafield>
        <marc:datafield tag="700" ind1="1" ind2=" ">
            <marc:subfield code="a">Handler, Stephen D.</marc:subfield>
            <marc:subfield code="e">author</marc:subfield>
            <marc:subfield code="u">Northern Institute of Applied Climate Science, Northern Research Station, USDA Forest Service, 410 MacInnes Drive, Houghton, MI, 49931, USA</marc:subfield>
        </marc:datafield>
        <marc:datafield tag="700" ind1="1" ind2=" ">
            <marc:subfield code="a">Hoving, Christopher L.</marc:subfield>
            <marc:subfield code="e">author</marc:subfield>
            <marc:subfield code="u">Michigan Department of Natural Resources, 525 West Allegan Street, Lansing, MI, 48909, USA</marc:subfield>
        </marc:datafield>
        <marc:datafield tag="700" ind1="1" ind2=" ">
            <marc:subfield code="a">Swanston, Christopher W.</marc:subfield>
            <marc:subfield code="e">author</marc:subfield>
            <marc:subfield code="u">Northern Institute of Applied Climate Science, Northern Research Station, USDA Forest Service, 410 MacInnes Drive, Houghton, MI, 49931, USA</marc:subfield>
        </marc:datafield>
        <marc:datafield tag="700" ind1="1" ind2=" ">
            <marc:subfield code="a">Zuckerberg, Benjamin</marc:subfield>
            <marc:subfield code="e">author</marc:subfield>
            <marc:subfield code="u">Department of Forest and Wildlife Ecology, University of Wisconsin‐Madison, 1620 Linden Drive, Madison, WI, 53705, USA</marc:subfield>
        </marc:datafield>
        <marc:datafield tag="773" ind1="0" ind2=" ">
            <marc:subfield code="t">journal of wildlife management.</marc:subfield>
            <marc:subfield code="g">2021 Jan., v. 85, no. 1 p.7-16</marc:subfield>
            <marc:subfield code="d">John Wiley &amp; Sons, Ltd</marc:subfield>
            <marc:subfield code="w">Journal:jnl46144</marc:subfield>
            <marc:subfield code="x">0022-541X</marc:subfield>
            <marc:subfield code="7">nnas</marc:subfield>
        </marc:datafield>
        <marc:datafield tag="787" ind1="1" ind2=" ">
            <marc:subfield code="o">islandora_article_repository</marc:subfield>
        </marc:datafield>
        <marc:datafield tag="787" ind1="1" ind2=" ">
            <marc:subfield code="o">product_pubag</marc:subfield>
        </marc:datafield>
        <marc:datafield tag="787" ind1="1" ind2=" ">
            <marc:subfield code="o">(Journal)jnl46144</marc:subfield>
        </marc:datafield>
        <marc:datafield tag="856" ind1="4" ind2="0">
            <marc:subfield code="u">https://dx.doi.org/10.1002/jwmg.21969</marc:subfield>
            <marc:subfield code="3">Available from publisher's site</marc:subfield>
        </marc:datafield>
        <marc:datafield tag="912" ind1=" " ind2=" ">
            <marc:subfield code="a">Article</marc:subfield>
        </marc:datafield>
        <marc:datafield tag="914" ind1=" " ind2=" ">
            <marc:subfield code="a">Journal:jnl46144</marc:subfield>
            <marc:subfield code="b">0022-541X</marc:subfield>
            <marc:subfield code="c">85</marc:subfield>
            <marc:subfield code="d">1</marc:subfield>
            <marc:subfield code="e">7</marc:subfield>
        </marc:datafield>
        <marc:datafield tag="914" ind1=" " ind2=" ">
            <marc:subfield code="f">journal of wildlife management</marc:subfield>
        </marc:datafield>
        <marc:datafield tag="917" ind1=" " ind2=" ">
            <marc:subfield code="a">issued</marc:subfield>
        </marc:datafield>
        <marc:datafield tag="918" ind1="2" ind2=" ">
            <marc:subfield code="a">John Wiley &amp; Sons, Inc</marc:subfield>
            <marc:subfield code="e">provider</marc:subfield>
            <marc:subfield code="5">DNAL</marc:subfield>
        </marc:datafield>
        <marc:datafield tag="935" ind1=" " ind2=" ">
            <marc:subfield code="a">IND607871757</marc:subfield>
            <marc:subfield code="9">ExL</marc:subfield>
        </marc:datafield>
        <marc:datafield tag="949" ind1=" " ind2=" ">
            <marc:subfield code="a">2022-08-08</marc:subfield>
        </marc:datafield>
        <marc:datafield tag="952" ind1=" " ind2=" ">
            <marc:subfield code="d">NAL-AP-2-clean</marc:subfield>
        </marc:datafield>
        <marc:datafield tag="953" ind1=" " ind2=" ">
            <marc:subfield code="a">/data/metadata/incoming/wiley/0022541X_2021_85_1.xml</marc:subfield>
        </marc:datafield>
        <marc:datafield tag="954" ind1=" " ind2=" ">
            <marc:subfield code="a">file:/data/metadata/staging/wiley/0022541X_2021_85_1.xml</marc:subfield>
        </marc:datafield>
        <marc:datafield tag="955" ind1=" " ind2=" ">
            <marc:subfield code="a">/data/metadata/staging/wiley/</marc:subfield>
        </marc:datafield>
        <marc:datafield tag="961" ind1=" " ind2=" ">
            <marc:subfield code="a">USDA/FS</marc:subfield>
        </marc:datafield>
        <marc:datafield tag="974" ind1=" " ind2=" ">
            <marc:subfield code="a">agid:7871757</marc:subfield>
        </marc:datafield>
        <marc:datafield tag="983" ind1=" " ind2=" ">
            <marc:subfield code="a">2022-08-08</marc:subfield>
        </marc:datafield>
        <marc:datafield tag="984" ind1=" " ind2=" ">
            <marc:subfield code="a">2022-08-08</marc:subfield>
        </marc:datafield>
    </marc:record>