
    <marc:record>
        <marc:leader>13292nab a2201549 u 4500</marc:leader>
        <marc:controlfield tag="001">9915865079607426</marc:controlfield>
        <marc:controlfield tag="005">20221214224414.0</marc:controlfield>
        <marc:controlfield tag="008">200928e202010  xx |||||o|||||||||||eng||</marc:controlfield>
        <marc:datafield tag="016" ind1="7" ind2=" ">
            <marc:subfield code="a">IND607071231</marc:subfield>
            <marc:subfield code="2">DNAL</marc:subfield>
        </marc:datafield>
        <marc:datafield tag="024" ind1="7" ind2=" ">
            <marc:subfield code="a">371362</marc:subfield>
            <marc:subfield code="2">aris</marc:subfield>
        </marc:datafield>
        <marc:datafield tag="024" ind1="7" ind2=" ">
            <marc:subfield code="a">10113/7071231</marc:subfield>
            <marc:subfield code="2">hdl</marc:subfield>
        </marc:datafield>
        <marc:datafield tag="024" ind1="7" ind2=" ">
            <marc:subfield code="a">10.1111/gcb.15261</marc:subfield>
            <marc:subfield code="2">doi</marc:subfield>
        </marc:datafield>
        <marc:datafield tag="024" ind1="7" ind2=" ">
            <marc:subfield code="a">371362</marc:subfield>
            <marc:subfield code="2">seq_no_115</marc:subfield>
        </marc:datafield>
        <marc:datafield tag="024" ind1="7" ind2=" ">
            <marc:subfield code="a">6066-13000-005-00D</marc:subfield>
            <marc:subfield code="2">aris_project_no</marc:subfield>
        </marc:datafield>
        <marc:datafield tag="024" ind1="7" ind2=" ">
            <marc:subfield code="a">432474</marc:subfield>
            <marc:subfield code="2">aris_accn_no</marc:subfield>
        </marc:datafield>
        <marc:datafield tag="035" ind1=" " ind2=" ">
            <marc:subfield code="a">agid:7071231-01nal_inst</marc:subfield>
        </marc:datafield>
        <marc:datafield tag="040" ind1=" " ind2=" ">
            <marc:subfield code="a">AGL</marc:subfield>
            <marc:subfield code="b">eng</marc:subfield>
            <marc:subfield code="c">AGL</marc:subfield>
        </marc:datafield>
        <marc:datafield tag="100" ind1="1" ind2=" ">
            <marc:subfield code="a">Falconnier, Gatien N.</marc:subfield>
            <marc:subfield code="e">author</marc:subfield>
            <marc:subfield code="u">AIDA, Univ Montpellier, CIRAD, Montpellier, France</marc:subfield>
            <marc:subfield code="1">https://orcid.org/0000-0003-3291-650X</marc:subfield>
        </marc:datafield>
        <marc:datafield tag="245" ind1="1" ind2="0">
            <marc:subfield code="a">Modelling climate change impacts on maize yields under low nitrogen input conditions in sub‐Saharan Africa</marc:subfield>
        </marc:datafield>
        <marc:datafield tag="300" ind1=" " ind2=" ">
            <marc:subfield code="a">p. 5942-5964.</marc:subfield>
        </marc:datafield>
        <marc:datafield tag="500" ind1=" " ind2=" ">
            <marc:subfield code="a">golden set</marc:subfield>
        </marc:datafield>
        <marc:datafield tag="500" ind1=" " ind2=" ">
            <marc:subfield code="a">JOURNAL ARTICLE</marc:subfield>
        </marc:datafield>
        <marc:datafield tag="520" ind1=" " ind2=" ">
            <marc:subfield code="a">Smallholder farmers in sub‐Saharan Africa (SSA) currently grow rainfed maize with limited inputs including fertilizer. Climate change may exacerbate current production constraints. Crop models can help quantify the potential impact of climate change on maize yields, but a comprehensive multimodel assessment of simulation accuracy and uncertainty in these low‐input systems is currently lacking. We evaluated the impact of varying [CO₂], temperature and rainfall conditions on maize yield, for different nitrogen (N) inputs (0, 80, 160 kg N/ha) for five environments in SSA, including cool subhumid Ethiopia, cool semi‐arid Rwanda, hot subhumid Ghana and hot semi‐arid Mali and Benin using an ensemble of 25 maize models. Models were calibrated with measured grain yield, plant biomass, plant N, leaf area index, harvest index and in‐season soil water content from 2‐year experiments in each country to assess their ability to simulate observed yield. Simulated responses to climate change factors were explored and compared between models. Calibrated models reproduced measured grain yield variations well with average relative root mean square error of 26%, although uncertainty in model prediction was substantial (CV = 28%). Model ensembles gave greater accuracy than any model taken at random. Nitrogen fertilization controlled the response to variations in [CO₂], temperature and rainfall. Without N fertilizer input, maize (a) benefited less from an increase in atmospheric [CO₂]; (b) was less affected by higher temperature or decreasing rainfall; and (c) was more affected by increased rainfall because N leaching was more critical. The model intercomparison revealed that simulation of daily soil N supply and N leaching plays a crucial role in simulating climate change impacts for low‐input systems. Climate change and N input interactions have strong implications for the design of robust adaptation approaches across SSA, because the impact of climate change in low input systems will be modified if farmers intensify maize production with balanced nutrient management.</marc:subfield>
        </marc:datafield>
        <marc:datafield tag="592" ind1=" " ind2=" ">
            <marc:subfield code="a">Publisher supplied data</marc:subfield>
        </marc:datafield>
        <marc:datafield tag="593" ind1=" " ind2=" ">
            <marc:subfield code="a">PubAg article</marc:subfield>
        </marc:datafield>
        <marc:datafield tag="595" ind1=" " ind2=" ">
            <marc:subfield code="a">616</marc:subfield>
            <marc:subfield code="b">alice.allen</marc:subfield>
            <marc:subfield code="c">2020-08-20</marc:subfield>
            <marc:subfield code="d">amanda.xu</marc:subfield>
            <marc:subfield code="e">2020-08-21</marc:subfield>
        </marc:datafield>
        <marc:datafield tag="593" ind1=" " ind2=" ">
            <marc:subfield code="e">ARIS manuscript</marc:subfield>
        </marc:datafield>
        <marc:datafield tag="650" ind1=" " ind2="3">
            <marc:subfield code="a">Zea mays</marc:subfield>
        </marc:datafield>
        <marc:datafield tag="650" ind1=" " ind2="3">
            <marc:subfield code="a">air temperature</marc:subfield>
        </marc:datafield>
        <marc:datafield tag="650" ind1=" " ind2="3">
            <marc:subfield code="a">carbon dioxide</marc:subfield>
        </marc:datafield>
        <marc:datafield tag="650" ind1=" " ind2="3">
            <marc:subfield code="a">carbon dioxide enrichment</marc:subfield>
        </marc:datafield>
        <marc:datafield tag="650" ind1=" " ind2="3">
            <marc:subfield code="a">climatic factors</marc:subfield>
        </marc:datafield>
        <marc:datafield tag="650" ind1=" " ind2="3">
            <marc:subfield code="a">corn</marc:subfield>
        </marc:datafield>
        <marc:datafield tag="650" ind1=" " ind2="3">
            <marc:subfield code="a">crop models</marc:subfield>
        </marc:datafield>
        <marc:datafield tag="650" ind1=" " ind2="3">
            <marc:subfield code="a">fertilizer rates</marc:subfield>
        </marc:datafield>
        <marc:datafield tag="650" ind1=" " ind2="3">
            <marc:subfield code="a">global warming</marc:subfield>
        </marc:datafield>
        <marc:datafield tag="650" ind1=" " ind2="3">
            <marc:subfield code="a">grain yield</marc:subfield>
        </marc:datafield>
        <marc:datafield tag="650" ind1=" " ind2="3">
            <marc:subfield code="a">harvest index</marc:subfield>
        </marc:datafield>
        <marc:datafield tag="650" ind1=" " ind2="3">
            <marc:subfield code="a">leaf area index</marc:subfield>
        </marc:datafield>
        <marc:datafield tag="650" ind1=" " ind2="3">
            <marc:subfield code="a">losses from soil</marc:subfield>
        </marc:datafield>
        <marc:datafield tag="650" ind1=" " ind2="3">
            <marc:subfield code="a">nitrogen fertilizers</marc:subfield>
        </marc:datafield>
        <marc:datafield tag="650" ind1=" " ind2="3">
            <marc:subfield code="a">nutrient availability</marc:subfield>
        </marc:datafield>
        <marc:datafield tag="650" ind1=" " ind2="3">
            <marc:subfield code="a">nutrient management</marc:subfield>
        </marc:datafield>
        <marc:datafield tag="650" ind1=" " ind2="3">
            <marc:subfield code="a">phytomass</marc:subfield>
        </marc:datafield>
        <marc:datafield tag="650" ind1=" " ind2="3">
            <marc:subfield code="a">rain</marc:subfield>
        </marc:datafield>
        <marc:datafield tag="650" ind1=" " ind2="3">
            <marc:subfield code="a">semiarid zones</marc:subfield>
        </marc:datafield>
        <marc:datafield tag="650" ind1=" " ind2="3">
            <marc:subfield code="a">soil water content</marc:subfield>
        </marc:datafield>
        <marc:datafield tag="650" ind1=" " ind2="3">
            <marc:subfield code="a">subhumid zones</marc:subfield>
        </marc:datafield>
        <marc:datafield tag="651" ind1=" " ind2="3">
            <marc:subfield code="a">Benin</marc:subfield>
        </marc:datafield>
        <marc:datafield tag="651" ind1=" " ind2="3">
            <marc:subfield code="a">Ethiopia</marc:subfield>
        </marc:datafield>
        <marc:datafield tag="651" ind1=" " ind2="3">
            <marc:subfield code="a">Ghana</marc:subfield>
        </marc:datafield>
        <marc:datafield tag="651" ind1=" " ind2="3">
            <marc:subfield code="a">Mali</marc:subfield>
        </marc:datafield>
        <marc:datafield tag="651" ind1=" " ind2="3">
            <marc:subfield code="a">Rwanda</marc:subfield>
        </marc:datafield>
        <marc:datafield tag="700" ind1="1" ind2=" ">
            <marc:subfield code="a">Corbeels, Marc</marc:subfield>
            <marc:subfield code="e">author</marc:subfield>
            <marc:subfield code="u">AIDA, Univ Montpellier, CIRAD, Montpellier, France</marc:subfield>
            <marc:subfield code="1">https://orcid.org/0000-0002-8084-9287</marc:subfield>
        </marc:datafield>
        <marc:datafield tag="700" ind1="1" ind2=" ">
            <marc:subfield code="a">Boote, Kenneth J.</marc:subfield>
            <marc:subfield code="e">author</marc:subfield>
            <marc:subfield code="u">University of Florida, Gainesville, FL, USA</marc:subfield>
            <marc:subfield code="1">https://orcid.org/0000-0002-1358-5496</marc:subfield>
        </marc:datafield>
        <marc:datafield tag="700" ind1="1" ind2=" ">
            <marc:subfield code="a">Affholder, François</marc:subfield>
            <marc:subfield code="e">author</marc:subfield>
            <marc:subfield code="u">AIDA, Univ Montpellier, CIRAD, Montpellier, France</marc:subfield>
        </marc:datafield>
        <marc:datafield tag="700" ind1="1" ind2=" ">
            <marc:subfield code="a">Adam, Myriam</marc:subfield>
            <marc:subfield code="e">author</marc:subfield>
            <marc:subfield code="u">CIRAD, UMR AGAP, Bobo‐Dioulasso, Burkina Faso</marc:subfield>
            <marc:subfield code="1">https://orcid.org/0000-0002-8873-6762</marc:subfield>
        </marc:datafield>
        <marc:datafield tag="700" ind1="1" ind2=" ">
            <marc:subfield code="a">MacCarthy, Dilys S.</marc:subfield>
            <marc:subfield code="e">author</marc:subfield>
            <marc:subfield code="u">Soil and Irrigation Research Centre, School of Agriculture, College of Basic and Applied Science, University of Ghana, Accra, Ghana</marc:subfield>
            <marc:subfield code="1">https://orcid.org/0000-0002-8062-3499</marc:subfield>
        </marc:datafield>
        <marc:datafield tag="700" ind1="1" ind2=" ">
            <marc:subfield code="a">Ruane, Alex C.</marc:subfield>
            <marc:subfield code="e">author</marc:subfield>
            <marc:subfield code="u">Climate Impacts Group, National Aeronautics and Space Administration Goddard Institute for Space Studies, New York, NY, USA</marc:subfield>
            <marc:subfield code="1">https://orcid.org/0000-0002-5582-9217</marc:subfield>
        </marc:datafield>
        <marc:datafield tag="700" ind1="1" ind2=" ">
            <marc:subfield code="a">Nendel, Claas</marc:subfield>
            <marc:subfield code="e">author</marc:subfield>
            <marc:subfield code="u">Leibniz Centre for Agricultural Landscape Research, Müncheberg, Germany</marc:subfield>
            <marc:subfield code="1">https://orcid.org/0000-0001-7608-9097</marc:subfield>
        </marc:datafield>
        <marc:datafield tag="700" ind1="1" ind2=" ">
            <marc:subfield code="a">Whitbread, Anthony M.</marc:subfield>
            <marc:subfield code="e">author</marc:subfield>
            <marc:subfield code="u">International Crops Research Institute for the Semi‐Arid Tropics (ICRISAT), Dar es Salaam, Tanzania</marc:subfield>
            <marc:subfield code="1">https://orcid.org/0000-0003-4840-7670</marc:subfield>
        </marc:datafield>
        <marc:datafield tag="700" ind1="1" ind2=" ">
            <marc:subfield code="a">Justes, Éric</marc:subfield>
            <marc:subfield code="e">author</marc:subfield>
            <marc:subfield code="u">PERSYST, Univ Montpellier, CIRAD, Montpellier, France</marc:subfield>
            <marc:subfield code="1">https://orcid.org/0000-0001-7390-7058</marc:subfield>
        </marc:datafield>
        <marc:datafield tag="700" ind1="1" ind2=" ">
            <marc:subfield code="a">Ahuja, Lajpat R.</marc:subfield>
            <marc:subfield code="e">author</marc:subfield>
            <marc:subfield code="u">USDA‐ARS, Fort Collins, CO, USA</marc:subfield>
        </marc:datafield>
        <marc:datafield tag="700" ind1="1" ind2=" ">
            <marc:subfield code="a">Akinseye, Folorunso M.</marc:subfield>
            <marc:subfield code="e">author</marc:subfield>
            <marc:subfield code="u">International Crops Research Institute for the Semi‐Arid Tropics (ICRISAT), Kano, Nigeria</marc:subfield>
            <marc:subfield code="1">https://orcid.org/0000-0002-8677-6306</marc:subfield>
        </marc:datafield>
        <marc:datafield tag="700" ind1="1" ind2=" ">
            <marc:subfield code="a">Alou, Isaac N.</marc:subfield>
            <marc:subfield code="e">author</marc:subfield>
            <marc:subfield code="u">Department of Plant and Soil Sciences, University of Pretoria, Pretoria, South Africa</marc:subfield>
        </marc:datafield>
        <marc:datafield tag="700" ind1="1" ind2=" ">
            <marc:subfield code="a">Amouzou, Kokou A.</marc:subfield>
            <marc:subfield code="e">author</marc:subfield>
            <marc:subfield code="u">West Africa Program, African Plant Nutrition Institute (APNI), Yamoussoukro, Cote d'Ivoire</marc:subfield>
            <marc:subfield code="1">https://orcid.org/0000-0002-4695-4972</marc:subfield>
        </marc:datafield>
        <marc:datafield tag="700" ind1="1" ind2=" ">
            <marc:subfield code="a">Anapalli, Saseendran S.</marc:subfield>
            <marc:subfield code="e">author</marc:subfield>
            <marc:subfield code="u">Sustainable Water Management Research Unit, USDA‐ARS, Stoneville, MS, USA</marc:subfield>
            <marc:subfield code="1">https://orcid.org/0000-0001-5238-1894</marc:subfield>
        </marc:datafield>
        <marc:datafield tag="700" ind1="1" ind2=" ">
            <marc:subfield code="a">Baron, Christian</marc:subfield>
            <marc:subfield code="e">author</marc:subfield>
            <marc:subfield code="u">CIRAD, UMR TETIS, Montpellier, France</marc:subfield>
            <marc:subfield code="1">https://orcid.org/0000-0001-9686-9672</marc:subfield>
        </marc:datafield>
        <marc:datafield tag="700" ind1="1" ind2=" ">
            <marc:subfield code="a">Basso, Bruno</marc:subfield>
            <marc:subfield code="e">author</marc:subfield>
            <marc:subfield code="u">Department of Earth and Environmental Sciences, Michigan State University, East Lansing, MI, USA</marc:subfield>
            <marc:subfield code="1">https://orcid.org/0000-0003-2090-4616</marc:subfield>
        </marc:datafield>
        <marc:datafield tag="700" ind1="1" ind2=" ">
            <marc:subfield code="a">Baudron, Frédéric</marc:subfield>
            <marc:subfield code="e">author</marc:subfield>
            <marc:subfield code="u">CIMMYT, Harare, Zimbabwe</marc:subfield>
            <marc:subfield code="1">https://orcid.org/0000-0002-5648-2083</marc:subfield>
        </marc:datafield>
        <marc:datafield tag="700" ind1="1" ind2=" ">
            <marc:subfield code="a">Bertuzzi, Patrick</marc:subfield>
            <marc:subfield code="e">author</marc:subfield>
            <marc:subfield code="u">INRA, Agroclim, France</marc:subfield>
        </marc:datafield>
        <marc:datafield tag="700" ind1="1" ind2=" ">
            <marc:subfield code="a">Challinor, Andrew J.</marc:subfield>
            <marc:subfield code="e">author</marc:subfield>
            <marc:subfield code="u">Institute for Climate and Atmospheric Science, School of Earth and Environment, University of Leeds, Leeds, UK</marc:subfield>
            <marc:subfield code="1">https://orcid.org/0000-0002-8551-6617</marc:subfield>
        </marc:datafield>
        <marc:datafield tag="700" ind1="1" ind2=" ">
            <marc:subfield code="a">Chen, Yi</marc:subfield>
            <marc:subfield code="e">author</marc:subfield>
            <marc:subfield code="u">Key Laboratory of Land Surface Pattern and Simulation, Institute of Geographical Sciences and Natural Resources Research, Chinese Academy of Sciences, Beijing, China</marc:subfield>
        </marc:datafield>
        <marc:datafield tag="700" ind1="1" ind2=" ">
            <marc:subfield code="a">Deryng, Delphine</marc:subfield>
            <marc:subfield code="e">author</marc:subfield>
            <marc:subfield code="u">Integrative Research Institute on Transformations of Human‐Environment Systems (IRI THESys), Humboldt‐Universität zu Berlin, Berlin, Germany</marc:subfield>
            <marc:subfield code="1">https://orcid.org/0000-0001-6214-7241</marc:subfield>
        </marc:datafield>
        <marc:datafield tag="700" ind1="1" ind2=" ">
            <marc:subfield code="a">Elsayed, Maha L.</marc:subfield>
            <marc:subfield code="e">author</marc:subfield>
            <marc:subfield code="u">MALR‐ARC, Central Laboratory for Agricultural Climate (CLAC), Giza, Egypt</marc:subfield>
        </marc:datafield>
        <marc:datafield tag="700" ind1="1" ind2=" ">
            <marc:subfield code="a">Faye, Babacar</marc:subfield>
            <marc:subfield code="e">author</marc:subfield>
            <marc:subfield code="u">Crop Science Group, Institute of Crop Science and Resource Conservation (INRES), University of Bonn, Bonn, Germany</marc:subfield>
        </marc:datafield>
        <marc:datafield tag="700" ind1="1" ind2=" ">
            <marc:subfield code="a">Gaiser, Thomas</marc:subfield>
            <marc:subfield code="e">author</marc:subfield>
            <marc:subfield code="u">Crop Science Group, Institute of Crop Science and Resource Conservation (INRES), University of Bonn, Bonn, Germany</marc:subfield>
        </marc:datafield>
        <marc:datafield tag="700" ind1="1" ind2=" ">
            <marc:subfield code="a">Galdos, Marcelo</marc:subfield>
            <marc:subfield code="e">author</marc:subfield>
            <marc:subfield code="u">Institute for Climate and Atmospheric Science, School of Earth and Environment, University of Leeds, Leeds, UK</marc:subfield>
            <marc:subfield code="1">https://orcid.org/0000-0002-6080-0726</marc:subfield>
        </marc:datafield>
        <marc:datafield tag="700" ind1="1" ind2=" ">
            <marc:subfield code="a">Gayler, Sebastian</marc:subfield>
            <marc:subfield code="e">author</marc:subfield>
            <marc:subfield code="u">Institute of Soil Science and Land Evaluation, Biogeophysics, University of Hohenheim, Stuttgart, Germany</marc:subfield>
            <marc:subfield code="1">https://orcid.org/0000-0002-8577-6486</marc:subfield>
        </marc:datafield>
        <marc:datafield tag="700" ind1="1" ind2=" ">
            <marc:subfield code="a">Gerardeaux, Edward</marc:subfield>
            <marc:subfield code="e">author</marc:subfield>
            <marc:subfield code="u">AIDA, Univ Montpellier, CIRAD, Montpellier, France</marc:subfield>
        </marc:datafield>
        <marc:datafield tag="700" ind1="1" ind2=" ">
            <marc:subfield code="a">Giner, Michel</marc:subfield>
            <marc:subfield code="e">author</marc:subfield>
            <marc:subfield code="u">AIDA, Univ Montpellier, CIRAD, Montpellier, France</marc:subfield>
            <marc:subfield code="1">https://orcid.org/0000-0002-9310-2377</marc:subfield>
        </marc:datafield>
        <marc:datafield tag="700" ind1="1" ind2=" ">
            <marc:subfield code="a">Grant, Brian</marc:subfield>
            <marc:subfield code="e">author</marc:subfield>
            <marc:subfield code="u">Ottawa Research and Development Centre, Agriculture and Agri‐Food Canada, Ottawa, ON, Canada</marc:subfield>
            <marc:subfield code="1">https://orcid.org/0000-0001-5928-0391</marc:subfield>
        </marc:datafield>
        <marc:datafield tag="700" ind1="1" ind2=" ">
            <marc:subfield code="a">Hoogenboom, Gerrit</marc:subfield>
            <marc:subfield code="e">author</marc:subfield>
            <marc:subfield code="u">University of Florida, Gainesville, FL, USA</marc:subfield>
            <marc:subfield code="1">https://orcid.org/0000-0002-1555-0537</marc:subfield>
        </marc:datafield>
        <marc:datafield tag="700" ind1="1" ind2=" ">
            <marc:subfield code="a">Ibrahim, Esther S.</marc:subfield>
            <marc:subfield code="e">author</marc:subfield>
            <marc:subfield code="u">Leibniz Centre for Agricultural Landscape Research, Müncheberg, Germany</marc:subfield>
            <marc:subfield code="1">https://orcid.org/0000-0001-8258-0931</marc:subfield>
        </marc:datafield>
        <marc:datafield tag="700" ind1="1" ind2=" ">
            <marc:subfield code="a">Kamali, Bahareh</marc:subfield>
            <marc:subfield code="e">author</marc:subfield>
            <marc:subfield code="u">Leibniz Centre for Agricultural Landscape Research, Müncheberg, Germany</marc:subfield>
            <marc:subfield code="1">https://orcid.org/0000-0002-8070-0175</marc:subfield>
        </marc:datafield>
        <marc:datafield tag="700" ind1="1" ind2=" ">
            <marc:subfield code="a">Kersebaum, Kurt Christian</marc:subfield>
            <marc:subfield code="e">author</marc:subfield>
            <marc:subfield code="u">Leibniz Centre for Agricultural Landscape Research, Müncheberg, Germany</marc:subfield>
            <marc:subfield code="1">https://orcid.org/0000-0002-3679-8427</marc:subfield>
        </marc:datafield>
        <marc:datafield tag="700" ind1="1" ind2=" ">
            <marc:subfield code="a">Kim, Soo‐Hyung</marc:subfield>
            <marc:subfield code="e">author</marc:subfield>
            <marc:subfield code="u">School of Environmental and Forest Sciences, University of Washington, Seattle, USA</marc:subfield>
        </marc:datafield>
        <marc:datafield tag="700" ind1="1" ind2=" ">
            <marc:subfield code="a">van der Laan, Michael</marc:subfield>
            <marc:subfield code="e">author</marc:subfield>
            <marc:subfield code="u">Department of Plant and Soil Sciences, University of Pretoria, Pretoria, South Africa</marc:subfield>
            <marc:subfield code="1">https://orcid.org/0000-0001-8656-623X</marc:subfield>
        </marc:datafield>
        <marc:datafield tag="700" ind1="1" ind2=" ">
            <marc:subfield code="a">Leroux, Louise</marc:subfield>
            <marc:subfield code="e">author</marc:subfield>
            <marc:subfield code="u">AIDA, Univ Montpellier, CIRAD, Montpellier, France</marc:subfield>
            <marc:subfield code="1">https://orcid.org/0000-0002-7631-2399</marc:subfield>
        </marc:datafield>
        <marc:datafield tag="700" ind1="1" ind2=" ">
            <marc:subfield code="a">Lizaso, Jon I.</marc:subfield>
            <marc:subfield code="e">author</marc:subfield>
            <marc:subfield code="u">CEIGRAM‐Universidad Politécnica de Madrid, ETSIAAB, Madrid, Spain</marc:subfield>
            <marc:subfield code="1">https://orcid.org/0000-0002-7612-2560</marc:subfield>
        </marc:datafield>
        <marc:datafield tag="700" ind1="1" ind2=" ">
            <marc:subfield code="a">Maestrini, Bernardo</marc:subfield>
            <marc:subfield code="e">author</marc:subfield>
            <marc:subfield code="u">Department of Earth and Environmental Sciences, Michigan State University, East Lansing, MI, USA</marc:subfield>
            <marc:subfield code="1">https://orcid.org/0000-0002-9438-0678</marc:subfield>
        </marc:datafield>
        <marc:datafield tag="700" ind1="1" ind2=" ">
            <marc:subfield code="a">Meier, Elizabeth A.</marc:subfield>
            <marc:subfield code="e">author</marc:subfield>
            <marc:subfield code="u">CSIRO Agriculture and Food, Queensland Bioscience Precinct, St Lucia, Qld, Australia</marc:subfield>
            <marc:subfield code="1">https://orcid.org/0000-0003-2394-8120</marc:subfield>
        </marc:datafield>
        <marc:datafield tag="700" ind1="1" ind2=" ">
            <marc:subfield code="a">Mequanint, Fasil</marc:subfield>
            <marc:subfield code="e">author</marc:subfield>
            <marc:subfield code="u">Institute of Soil Science and Land Evaluation, Biogeophysics, University of Hohenheim, Stuttgart, Germany</marc:subfield>
        </marc:datafield>
        <marc:datafield tag="700" ind1="1" ind2=" ">
            <marc:subfield code="a">Ndoli, Alain</marc:subfield>
            <marc:subfield code="e">author</marc:subfield>
            <marc:subfield code="u">CIMMYT, Harare, Zimbabwe</marc:subfield>
        </marc:datafield>
        <marc:datafield tag="700" ind1="1" ind2=" ">
            <marc:subfield code="a">Porter, Cheryl H.</marc:subfield>
            <marc:subfield code="e">author</marc:subfield>
            <marc:subfield code="u">University of Florida, Gainesville, FL, USA</marc:subfield>
            <marc:subfield code="1">https://orcid.org/0000-0001-7269-6543</marc:subfield>
        </marc:datafield>
        <marc:datafield tag="700" ind1="1" ind2=" ">
            <marc:subfield code="a">Priesack, Eckart</marc:subfield>
            <marc:subfield code="e">author</marc:subfield>
            <marc:subfield code="u">Institute of Biochemical Plant Pathology, Helmholtz Center Munich, Neuherberg, Germany</marc:subfield>
            <marc:subfield code="1">https://orcid.org/0000-0002-5088-9528</marc:subfield>
        </marc:datafield>
        <marc:datafield tag="700" ind1="1" ind2=" ">
            <marc:subfield code="a">Ripoche, Dominique</marc:subfield>
            <marc:subfield code="e">author</marc:subfield>
            <marc:subfield code="u">INRA, Agroclim, France</marc:subfield>
            <marc:subfield code="1">https://orcid.org/0000-0003-0785-9953</marc:subfield>
        </marc:datafield>
        <marc:datafield tag="700" ind1="1" ind2=" ">
            <marc:subfield code="a">Sida, Tesfaye S.</marc:subfield>
            <marc:subfield code="e">author</marc:subfield>
            <marc:subfield code="u">CIMMYT, Addis Ababa, Ethiopia</marc:subfield>
            <marc:subfield code="1">https://orcid.org/0000-0001-6482-2669</marc:subfield>
        </marc:datafield>
        <marc:datafield tag="700" ind1="1" ind2=" ">
            <marc:subfield code="a">Singh, Upendra</marc:subfield>
            <marc:subfield code="e">author</marc:subfield>
            <marc:subfield code="u">International Center for Soil Fertility and Agricultural Development, Muscle Shoals, AL, USA</marc:subfield>
            <marc:subfield code="1">https://orcid.org/0000-0001-8653-0333</marc:subfield>
        </marc:datafield>
        <marc:datafield tag="700" ind1="1" ind2=" ">
            <marc:subfield code="a">Smith, Ward N.</marc:subfield>
            <marc:subfield code="e">author</marc:subfield>
            <marc:subfield code="u">Ottawa Research and Development Centre, Agriculture and Agri‐Food Canada, Ottawa, ON, Canada</marc:subfield>
            <marc:subfield code="1">https://orcid.org/0000-0001-7462-5247</marc:subfield>
        </marc:datafield>
        <marc:datafield tag="700" ind1="1" ind2=" ">
            <marc:subfield code="a">Srivastava, Amit</marc:subfield>
            <marc:subfield code="e">author</marc:subfield>
            <marc:subfield code="u">Crop Science Group, Institute of Crop Science and Resource Conservation (INRES), University of Bonn, Bonn, Germany</marc:subfield>
        </marc:datafield>
        <marc:datafield tag="700" ind1="1" ind2=" ">
            <marc:subfield code="a">Sinha, Sumit</marc:subfield>
            <marc:subfield code="e">author</marc:subfield>
            <marc:subfield code="u">Institute for Climate and Atmospheric Science, School of Earth and Environment, University of Leeds, Leeds, UK</marc:subfield>
        </marc:datafield>
        <marc:datafield tag="700" ind1="1" ind2=" ">
            <marc:subfield code="a">Tao, Fulu</marc:subfield>
            <marc:subfield code="e">author</marc:subfield>
            <marc:subfield code="u">Key Laboratory of Land Surface Pattern and Simulation, Institute of Geographical Sciences and Natural Resources Research, Chinese Academy of Sciences, Beijing, China</marc:subfield>
            <marc:subfield code="1">https://orcid.org/0000-0001-8574-0080</marc:subfield>
        </marc:datafield>
        <marc:datafield tag="700" ind1="1" ind2=" ">
            <marc:subfield code="a">Thorburn, Peter J.</marc:subfield>
            <marc:subfield code="e">author</marc:subfield>
            <marc:subfield code="u">CSIRO Agriculture and Food, Queensland Bioscience Precinct, St Lucia, Qld, Australia</marc:subfield>
            <marc:subfield code="1">https://orcid.org/0000-0002-6506-0456</marc:subfield>
        </marc:datafield>
        <marc:datafield tag="700" ind1="1" ind2=" ">
            <marc:subfield code="a">Timlin, Dennis</marc:subfield>
            <marc:subfield code="e">author</marc:subfield>
            <marc:subfield code="u">Crop Systems and Global Change Research Unit, USDA‐ARS, Beltsville, MD, USA</marc:subfield>
            <marc:subfield code="1">https://orcid.org/0000-0003-4883-4664</marc:subfield>
        </marc:datafield>
        <marc:datafield tag="700" ind1="1" ind2=" ">
            <marc:subfield code="a">Traore, Bouba</marc:subfield>
            <marc:subfield code="e">author</marc:subfield>
            <marc:subfield code="u">IER, Bamako, Mali</marc:subfield>
            <marc:subfield code="1">https://orcid.org/0000-0002-4458-6440</marc:subfield>
        </marc:datafield>
        <marc:datafield tag="700" ind1="1" ind2=" ">
            <marc:subfield code="a">Twine, Tracy</marc:subfield>
            <marc:subfield code="e">author</marc:subfield>
            <marc:subfield code="u">Department of Soil, Water, and Climate, University of Minnesota, St. Paul, MN, USA</marc:subfield>
            <marc:subfield code="1">https://orcid.org/0000-0002-8457-046X</marc:subfield>
        </marc:datafield>
        <marc:datafield tag="700" ind1="1" ind2=" ">
            <marc:subfield code="a">Webber, Heidi</marc:subfield>
            <marc:subfield code="e">author</marc:subfield>
            <marc:subfield code="u">Leibniz Centre for Agricultural Landscape Research, Müncheberg, Germany</marc:subfield>
            <marc:subfield code="1">https://orcid.org/0000-0001-8301-5424</marc:subfield>
        </marc:datafield>
        <marc:datafield tag="773" ind1="0" ind2=" ">
            <marc:subfield code="t">Global change biology.</marc:subfield>
            <marc:subfield code="g">2020 Oct., v. 26, no. 10 p.5942-5964</marc:subfield>
            <marc:subfield code="d">John Wiley &amp; Sons, Ltd</marc:subfield>
            <marc:subfield code="w">Journal:jnl57021</marc:subfield>
            <marc:subfield code="x">1354-1013</marc:subfield>
            <marc:subfield code="7">nnas</marc:subfield>
        </marc:datafield>
        <marc:datafield tag="787" ind1="1" ind2=" ">
            <marc:subfield code="o">islandora_article_repository</marc:subfield>
        </marc:datafield>
        <marc:datafield tag="787" ind1="1" ind2=" ">
            <marc:subfield code="o">product_pubag</marc:subfield>
        </marc:datafield>
        <marc:datafield tag="787" ind1="1" ind2=" ">
            <marc:subfield code="o">(Journal)jnl57021</marc:subfield>
        </marc:datafield>
        <marc:datafield tag="856" ind1="4" ind2="0">
            <marc:subfield code="u">https://handle.nal.usda.gov/10113/7071231</marc:subfield>
            <marc:subfield code="3">Available in the National Agricultural Library PubAg search system</marc:subfield>
        </marc:datafield>
        <marc:datafield tag="856" ind1="4" ind2="0">
            <marc:subfield code="u">https://dx.doi.org/10.1111/gcb.15261</marc:subfield>
            <marc:subfield code="3">Available from publisher's site</marc:subfield>
        </marc:datafield>
        <marc:datafield tag="912" ind1=" " ind2=" ">
            <marc:subfield code="a">Article</marc:subfield>
        </marc:datafield>
        <marc:datafield tag="914" ind1=" " ind2=" ">
            <marc:subfield code="a">Journal:jnl57021</marc:subfield>
            <marc:subfield code="b">1365-2486</marc:subfield>
            <marc:subfield code="e">1</marc:subfield>
        </marc:datafield>
        <marc:datafield tag="914" ind1=" " ind2=" ">
            <marc:subfield code="f">Global change biology</marc:subfield>
        </marc:datafield>
        <marc:datafield tag="916" ind1=" " ind2=" ">
            <marc:subfield code="a">Batch:10068</marc:subfield>
        </marc:datafield>
        <marc:datafield tag="916" ind1=" " ind2=" ">
            <marc:subfield code="a">Batch:10152</marc:subfield>
        </marc:datafield>
        <marc:datafield tag="917" ind1=" " ind2=" ">
            <marc:subfield code="a">issued</marc:subfield>
        </marc:datafield>
        <marc:datafield tag="918" ind1="2" ind2=" ">
            <marc:subfield code="a">John Wiley &amp; Sons, Inc</marc:subfield>
            <marc:subfield code="e">provider</marc:subfield>
            <marc:subfield code="5">DNAL</marc:subfield>
        </marc:datafield>
        <marc:datafield tag="935" ind1=" " ind2=" ">
            <marc:subfield code="a">IND607071231</marc:subfield>
            <marc:subfield code="9">ExL</marc:subfield>
        </marc:datafield>
        <marc:datafield tag="949" ind1=" " ind2=" ">
            <marc:subfield code="a">2021-09-21</marc:subfield>
        </marc:datafield>
        <marc:datafield tag="953" ind1=" " ind2=" ">
            <marc:subfield code="a">/data/metadata/incoming/wiley/13541013_2020_26_10.xml</marc:subfield>
        </marc:datafield>
        <marc:datafield tag="954" ind1=" " ind2=" ">
            <marc:subfield code="a">file:/data/metadata/staging/wiley/13541013_2020_26_10.xml</marc:subfield>
        </marc:datafield>
        <marc:datafield tag="955" ind1=" " ind2=" ">
            <marc:subfield code="a">/data/metadata/staging/wiley/</marc:subfield>
        </marc:datafield>
        <marc:datafield tag="961" ind1=" " ind2=" ">
            <marc:subfield code="a">USDA/ARS</marc:subfield>
        </marc:datafield>
        <marc:datafield tag="962" ind1=" " ind2=" ">
            <marc:subfield code="a">USDA Scientist Submission</marc:subfield>
        </marc:datafield>
        <marc:datafield tag="962" ind1=" " ind2=" ">
            <marc:subfield code="a">USDA Scientist Submission; eISSN 1365-2486</marc:subfield>
        </marc:datafield>
        <marc:datafield tag="974" ind1=" " ind2=" ">
            <marc:subfield code="a">agid:7071231</marc:subfield>
        </marc:datafield>
        <marc:datafield tag="983" ind1=" " ind2=" ">
            <marc:subfield code="a">2020-09-28</marc:subfield>
        </marc:datafield>
        <marc:datafield tag="984" ind1=" " ind2=" ">
            <marc:subfield code="a">2021-09-21</marc:subfield>
        </marc:datafield>
    </marc:record>