
    <marc:record>
        <marc:leader>05904nab a2200817 u 4500</marc:leader>
        <marc:controlfield tag="001">9915920995307426</marc:controlfield>
        <marc:controlfield tag="005">20221207055210.0</marc:controlfield>
        <marc:controlfield tag="008">220914s2022    xx |||||o|||||||||||eng||</marc:controlfield>
        <marc:datafield tag="016" ind1="7" ind2=" ">
            <marc:subfield code="a">IND607835388</marc:subfield>
            <marc:subfield code="2">DNAL</marc:subfield>
        </marc:datafield>
        <marc:datafield tag="024" ind1="7" ind2=" ">
            <marc:subfield code="a">10.1016/j.crm.2022.100446</marc:subfield>
            <marc:subfield code="2">doi</marc:subfield>
        </marc:datafield>
        <marc:datafield tag="035" ind1=" " ind2=" ">
            <marc:subfield code="a">agid:7835388-01nal_inst</marc:subfield>
        </marc:datafield>
        <marc:datafield tag="040" ind1=" " ind2=" ">
            <marc:subfield code="a">AGL</marc:subfield>
            <marc:subfield code="b">eng</marc:subfield>
            <marc:subfield code="c">AGL</marc:subfield>
        </marc:datafield>
        <marc:datafield tag="100" ind1="1" ind2=" ">
            <marc:subfield code="a">Kothari, Kritika</marc:subfield>
            <marc:subfield code="e">author</marc:subfield>
            <marc:subfield code="u">Department of Biological and Agricultural Engineering, Texas A&amp;M University, College Station, TX 77843, USA</marc:subfield>
        </marc:datafield>
        <marc:datafield tag="245" ind1="1" ind2="0">
            <marc:subfield code="a">Simulating the climate change impacts and evaluating potential adaptation strategies for irrigated corn production in Northern High Plains of Texas</marc:subfield>
        </marc:datafield>
        <marc:datafield tag="506" ind1=" " ind2=" ">
            <marc:subfield code="a">Creative Commons Attribution 4.0 Generic (CC BY-NC-ND 4.0)</marc:subfield>
            <marc:subfield code="u">http://creativecommons.org/licenses/by-nc-nd/4.0/</marc:subfield>
        </marc:datafield>
        <marc:datafield tag="506" ind1=" " ind2=" ">
            <marc:subfield code="a">Resource is Open Access</marc:subfield>
            <marc:subfield code="u">http://purl.org/eprint/accessRights/OpenAccess</marc:subfield>
        </marc:datafield>
        <marc:datafield tag="520" ind1=" " ind2=" ">
            <marc:subfield code="a">Sustaining irrigated corn (Zea mays L.) production under changing climate and reduced irrigation water availability presents a key challenge for producers in the Northern High Plains (NHP) of Texas. We assessed climate change impacts on corn production at Bushland in the NHP region using the CERES-Maize model under 36 future climate scenarios. These scenarios included nine global climate models (GCMs), two representative concentration pathways (RCPs) 4.5 and 8.5, and two future time periods 2050s (2036–2065) and 2080s (2066–2095). Simulated grain corn yield decreased, under all scenarios in the future, by approximately 31 % on average in the 2050s and by approximately 55 % in the 2080s, under RCP 8.5, mainly due to reduced unit grain weight and biomass, and shorter crop cycle. Seasonal irrigation water use was simulated to either increase or decrease in the future depending on the rainfall projection of a GCM. Adaptation strategies considered in this study included using ideotypes with a longer maturity, higher yield potential, and greater heat tolerance than the reference cultivar, and shifting of planting dates. The ideotypes were created by modifying thermal times from emergence to end-of-juvenile phase, thermal time from silking to maturity, maximum kernel number per plant, radiation use efficiency (RUE), and optimum and failure temperature thresholds during relative grain filling. The planting dates considered were 16 April, 1 May, 16 May (reference), 1 June, and 16 June. By increasing the reproductive period by 13 days, grain yield could increase by 40 %, but that could increase seasonal irrigation water requirement by 10 %. Grain corn yield increased by 13 % on average when the maximum number of kernels per plant or RUE were increased by 15 %, with minor changes in seasonal irrigation water requirement. Heat tolerant ideotypes showed yield advantage over the reference cultivar without much change in irrigation. Delayed planting increased grain yield in the future. Overall, grain yield could decline under climate change without adaptation. Ideotypes with greater silking to maturity period, potential number of kernels per plant, RUE, and heat tolerance during grain filling, showed yield benefits in the future.</marc:subfield>
        </marc:datafield>
        <marc:datafield tag="592" ind1=" " ind2=" ">
            <marc:subfield code="a">Publisher supplied data</marc:subfield>
        </marc:datafield>
        <marc:datafield tag="593" ind1=" " ind2=" ">
            <marc:subfield code="a">PubAg article</marc:subfield>
        </marc:datafield>
        <marc:datafield tag="506" ind1="0" ind2=" ">
            <marc:subfield code="f">Unrestricted online access</marc:subfield>
            <marc:subfield code="2">star</marc:subfield>
        </marc:datafield>
        <marc:datafield tag="650" ind1=" " ind2="3">
            <marc:subfield code="a">Crop Environment Resource Synthesis models</marc:subfield>
        </marc:datafield>
        <marc:datafield tag="650" ind1=" " ind2="3">
            <marc:subfield code="a">Zea mays</marc:subfield>
        </marc:datafield>
        <marc:datafield tag="650" ind1=" " ind2="3">
            <marc:subfield code="a">biomass</marc:subfield>
        </marc:datafield>
        <marc:datafield tag="650" ind1=" " ind2="3">
            <marc:subfield code="a">climate</marc:subfield>
        </marc:datafield>
        <marc:datafield tag="650" ind1=" " ind2="3">
            <marc:subfield code="a">climate change</marc:subfield>
        </marc:datafield>
        <marc:datafield tag="650" ind1=" " ind2="3">
            <marc:subfield code="a">corn</marc:subfield>
        </marc:datafield>
        <marc:datafield tag="650" ind1=" " ind2="3">
            <marc:subfield code="a">cultivars</marc:subfield>
        </marc:datafield>
        <marc:datafield tag="650" ind1=" " ind2="3">
            <marc:subfield code="a">grain yield</marc:subfield>
        </marc:datafield>
        <marc:datafield tag="650" ind1=" " ind2="3">
            <marc:subfield code="a">heat tolerance</marc:subfield>
        </marc:datafield>
        <marc:datafield tag="650" ind1=" " ind2="3">
            <marc:subfield code="a">ideotypes</marc:subfield>
        </marc:datafield>
        <marc:datafield tag="650" ind1=" " ind2="3">
            <marc:subfield code="a">irrigation scheduling</marc:subfield>
        </marc:datafield>
        <marc:datafield tag="650" ind1=" " ind2="3">
            <marc:subfield code="a">irrigation water</marc:subfield>
        </marc:datafield>
        <marc:datafield tag="650" ind1=" " ind2="3">
            <marc:subfield code="a">radiation use efficiency</marc:subfield>
        </marc:datafield>
        <marc:datafield tag="650" ind1=" " ind2="3">
            <marc:subfield code="a">rain</marc:subfield>
        </marc:datafield>
        <marc:datafield tag="650" ind1=" " ind2="3">
            <marc:subfield code="a">risk management</marc:subfield>
        </marc:datafield>
        <marc:datafield tag="650" ind1=" " ind2="3">
            <marc:subfield code="a">seeds</marc:subfield>
        </marc:datafield>
        <marc:datafield tag="650" ind1=" " ind2="3">
            <marc:subfield code="a">temperature</marc:subfield>
        </marc:datafield>
        <marc:datafield tag="650" ind1=" " ind2="3">
            <marc:subfield code="a">water requirement</marc:subfield>
        </marc:datafield>
        <marc:datafield tag="651" ind1=" " ind2="3">
            <marc:subfield code="a">Texas</marc:subfield>
        </marc:datafield>
        <marc:datafield tag="653" ind1=" " ind2="0">
            <marc:subfield code="a">DSSAT</marc:subfield>
        </marc:datafield>
        <marc:datafield tag="653" ind1=" " ind2="0">
            <marc:subfield code="a">CERES-Maize</marc:subfield>
        </marc:datafield>
        <marc:datafield tag="653" ind1=" " ind2="0">
            <marc:subfield code="a">Heat tolerance</marc:subfield>
        </marc:datafield>
        <marc:datafield tag="653" ind1=" " ind2="0">
            <marc:subfield code="a">Ideotype</marc:subfield>
        </marc:datafield>
        <marc:datafield tag="653" ind1=" " ind2="0">
            <marc:subfield code="a">Planting date</marc:subfield>
        </marc:datafield>
        <marc:datafield tag="653" ind1=" " ind2="0">
            <marc:subfield code="a">Semi-arid region</marc:subfield>
        </marc:datafield>
        <marc:datafield tag="700" ind1="1" ind2=" ">
            <marc:subfield code="a">Ale, Srinivasulu</marc:subfield>
            <marc:subfield code="e">author</marc:subfield>
            <marc:subfield code="u">Department of Biological and Agricultural Engineering, Texas A&amp;M University, College Station, TX 77843, USA</marc:subfield>
        </marc:datafield>
        <marc:datafield tag="700" ind1="1" ind2=" ">
            <marc:subfield code="a">Marek, Gary W.</marc:subfield>
            <marc:subfield code="e">author</marc:subfield>
            <marc:subfield code="u">USDA-ARS Conservation and Production Research Laboratory, 300 Simmons Rd, Unit 10, Bushland, TX 79012, USA</marc:subfield>
        </marc:datafield>
        <marc:datafield tag="700" ind1="1" ind2=" ">
            <marc:subfield code="a">Munster, Clyde L.</marc:subfield>
            <marc:subfield code="e">author</marc:subfield>
            <marc:subfield code="u">Department of Biological and Agricultural Engineering, Texas A&amp;M University, College Station, TX 77843, USA</marc:subfield>
        </marc:datafield>
        <marc:datafield tag="700" ind1="1" ind2=" ">
            <marc:subfield code="a">Singh, Vijay P.</marc:subfield>
            <marc:subfield code="e">author</marc:subfield>
            <marc:subfield code="u">Department of Biological and Agricultural Engineering, Texas A&amp;M University, College Station, TX 77843, USA</marc:subfield>
        </marc:datafield>
        <marc:datafield tag="700" ind1="1" ind2=" ">
            <marc:subfield code="a">Chen, Yong</marc:subfield>
            <marc:subfield code="e">author</marc:subfield>
            <marc:subfield code="u">College of Land Science and Technology, China Agricultural University, 2 Yuanmingyuan W. Rd, Haidian District, Beijing 100193, China</marc:subfield>
        </marc:datafield>
        <marc:datafield tag="700" ind1="1" ind2=" ">
            <marc:subfield code="a">Marek, Thomas H.</marc:subfield>
            <marc:subfield code="e">author</marc:subfield>
            <marc:subfield code="u">Texas A&amp;M AgriLife Research (Texas A&amp;M University System), 6500 Amarillo Blvd. W, Amarillo, TX 79106, USA</marc:subfield>
        </marc:datafield>
        <marc:datafield tag="700" ind1="1" ind2=" ">
            <marc:subfield code="a">Xue, Qingwu</marc:subfield>
            <marc:subfield code="e">author</marc:subfield>
            <marc:subfield code="u">Texas A&amp;M AgriLife Research (Texas A&amp;M University System), 6500 Amarillo Blvd. W, Amarillo, TX 79106, USA</marc:subfield>
        </marc:datafield>
        <marc:datafield tag="773" ind1="0" ind2=" ">
            <marc:subfield code="t">Climate risk management.</marc:subfield>
            <marc:subfield code="g">2022, v. 37 p.100446-</marc:subfield>
            <marc:subfield code="d">Elsevier B.V.</marc:subfield>
            <marc:subfield code="w">Journal:23250</marc:subfield>
            <marc:subfield code="x">2212-0963</marc:subfield>
            <marc:subfield code="7">nnas</marc:subfield>
        </marc:datafield>
        <marc:datafield tag="787" ind1="1" ind2=" ">
            <marc:subfield code="o">islandora_article_repository</marc:subfield>
        </marc:datafield>
        <marc:datafield tag="787" ind1="1" ind2=" ">
            <marc:subfield code="o">product_pubag</marc:subfield>
        </marc:datafield>
        <marc:datafield tag="787" ind1="1" ind2=" ">
            <marc:subfield code="o">(Journal)23250</marc:subfield>
        </marc:datafield>
        <marc:datafield tag="856" ind1="4" ind2="0">
            <marc:subfield code="u">https://dx.doi.org/10.1016/j.crm.2022.100446</marc:subfield>
            <marc:subfield code="3">Available from publisher's site</marc:subfield>
        </marc:datafield>
        <marc:datafield tag="912" ind1=" " ind2=" ">
            <marc:subfield code="a">Article</marc:subfield>
        </marc:datafield>
        <marc:datafield tag="914" ind1=" " ind2=" ">
            <marc:subfield code="a">Journal:23250</marc:subfield>
            <marc:subfield code="b">2212-0963</marc:subfield>
            <marc:subfield code="c">37</marc:subfield>
            <marc:subfield code="e">100446</marc:subfield>
        </marc:datafield>
        <marc:datafield tag="914" ind1=" " ind2=" ">
            <marc:subfield code="f">Climate risk management</marc:subfield>
        </marc:datafield>
        <marc:datafield tag="917" ind1=" " ind2=" ">
            <marc:subfield code="a">issued</marc:subfield>
        </marc:datafield>
        <marc:datafield tag="918" ind1="2" ind2=" ">
            <marc:subfield code="a">Elsevier Consyn</marc:subfield>
            <marc:subfield code="e">provider</marc:subfield>
            <marc:subfield code="5">DNAL</marc:subfield>
        </marc:datafield>
        <marc:datafield tag="935" ind1=" " ind2=" ">
            <marc:subfield code="a">IND607835388</marc:subfield>
            <marc:subfield code="9">ExL</marc:subfield>
        </marc:datafield>
        <marc:datafield tag="949" ind1=" " ind2=" ">
            <marc:subfield code="a">2022-07-19</marc:subfield>
        </marc:datafield>
        <marc:datafield tag="953" ind1=" " ind2=" ">
            <marc:subfield code="a">/data/metadata/incoming/consyn/155209357669562851-00005-HEAD-ONLY-NEW CONSYN ISSNS.ZIP</marc:subfield>
        </marc:datafield>
        <marc:datafield tag="954" ind1=" " ind2=" ">
            <marc:subfield code="a">file:/data/metadata/staging/consyn/S2212096322000535.xml</marc:subfield>
        </marc:datafield>
        <marc:datafield tag="955" ind1=" " ind2=" ">
            <marc:subfield code="a">/data/metadata/staging/consyn/</marc:subfield>
        </marc:datafield>
        <marc:datafield tag="961" ind1=" " ind2=" ">
            <marc:subfield code="a">USDA/ARS</marc:subfield>
        </marc:datafield>
        <marc:datafield tag="974" ind1=" " ind2=" ">
            <marc:subfield code="a">agid:7835388</marc:subfield>
        </marc:datafield>
        <marc:datafield tag="983" ind1=" " ind2=" ">
            <marc:subfield code="a">2022-09-14</marc:subfield>
        </marc:datafield>
        <marc:datafield tag="984" ind1=" " ind2=" ">
            <marc:subfield code="a">2022-09-14</marc:subfield>
        </marc:datafield>
    </marc:record>