
    <marc:record>
        <marc:leader>04293nab a2200565 u 4500</marc:leader>
        <marc:controlfield tag="001">9915923101107426</marc:controlfield>
        <marc:controlfield tag="005">20221117090356.0</marc:controlfield>
        <marc:controlfield tag="008">190405e201808  xx |||||o|||||||||||eng||</marc:controlfield>
        <marc:datafield tag="016" ind1="7" ind2=" ">
            <marc:subfield code="a">IND606108092</marc:subfield>
            <marc:subfield code="2">DNAL</marc:subfield>
        </marc:datafield>
        <marc:datafield tag="024" ind1="7" ind2=" ">
            <marc:subfield code="a">10.1007/s10584-018-2243-x</marc:subfield>
            <marc:subfield code="2">doi</marc:subfield>
        </marc:datafield>
        <marc:datafield tag="035" ind1=" " ind2=" ">
            <marc:subfield code="a">agid:6108092-01nal_inst</marc:subfield>
        </marc:datafield>
        <marc:datafield tag="040" ind1=" " ind2=" ">
            <marc:subfield code="a">AGL</marc:subfield>
            <marc:subfield code="b">eng</marc:subfield>
            <marc:subfield code="c">AGL</marc:subfield>
        </marc:datafield>
        <marc:datafield tag="100" ind1="1" ind2=" ">
            <marc:subfield code="a">Liu, Zhijuan</marc:subfield>
            <marc:subfield code="e">author</marc:subfield>
            <marc:subfield code="u">College of Resources and Environmental Sciences, China Agricultural University, No. 2 Yuanmingyuan West Rd., Haidian District, Beijing, 100193, China</marc:subfield>
        </marc:datafield>
        <marc:datafield tag="245" ind1="1" ind2="0">
            <marc:subfield code="a">Climate zones determine where substantial increases of maize yields can be attained in Northeast China</marc:subfield>
        </marc:datafield>
        <marc:datafield tag="300" ind1=" " ind2=" ">
            <marc:subfield code="a">p. 473-487.</marc:subfield>
        </marc:datafield>
        <marc:datafield tag="520" ind1=" " ind2=" ">
            <marc:subfield code="a">As the growth in global population has led to greater demands for food and energy, societies have been pressured to increase food production. Closing the gap between current and potential yields is one means of producing more food. In this study, we first identify the gaps between the potential yield and actual on-farm yield of maize for ten climate zones (CZs) in Northeast China (NEC) from 1961 to 2010. We then use trend analysis to assess yield gaps caused by suboptimal water availability (YGw). Finally, we identify the CZs where maize yields could be increased through improved irrigation management. Nonparametric trend analysis showed an estimated regional area-averaged yield gap of 64% between potential yield and actual on-farm yield; this gap decreased by 11.0% per decade over the study period (p &lt; 0.01). Although yield gaps have fallen to 43% during the past decade, on-farm maize yield still accounts for only 57% of potential yield. Therefore, there is still a considerable yield gap in maize production in NEC. Simulation results indicated that the average YGw of 23% in NEC is due to suboptimal water availability. Moreover, in CZs with a positive water deficit, the YGw ranged from 14 to 48%; in the remaining CZs, the YGw ranged from 5 to 13%. We conclude that there are substantial opportunities to increase maize production by up to 2.8 t ha⁻¹ through improved irrigation management in cases where the limited irrigation resources can be improved, especially in CZs that receive less than 450 mm of precipitation during the maize-growing season.</marc:subfield>
        </marc:datafield>
        <marc:datafield tag="592" ind1=" " ind2=" ">
            <marc:subfield code="a">Publisher supplied data</marc:subfield>
        </marc:datafield>
        <marc:datafield tag="593" ind1=" " ind2=" ">
            <marc:subfield code="a">PubAg article</marc:subfield>
        </marc:datafield>
        <marc:datafield tag="650" ind1=" " ind2="3">
            <marc:subfield code="a">climate change</marc:subfield>
        </marc:datafield>
        <marc:datafield tag="650" ind1=" " ind2="3">
            <marc:subfield code="a">climatic zones</marc:subfield>
        </marc:datafield>
        <marc:datafield tag="650" ind1=" " ind2="3">
            <marc:subfield code="a">crop yield</marc:subfield>
        </marc:datafield>
        <marc:datafield tag="650" ind1=" " ind2="3">
            <marc:subfield code="a">energy</marc:subfield>
        </marc:datafield>
        <marc:datafield tag="650" ind1=" " ind2="3">
            <marc:subfield code="a">food production</marc:subfield>
        </marc:datafield>
        <marc:datafield tag="650" ind1=" " ind2="3">
            <marc:subfield code="a">irrigation management</marc:subfield>
        </marc:datafield>
        <marc:datafield tag="651" ind1=" " ind2="3">
            <marc:subfield code="a">China</marc:subfield>
        </marc:datafield>
        <marc:datafield tag="700" ind1="1" ind2=" ">
            <marc:subfield code="a">Yang, Xiaoguang</marc:subfield>
            <marc:subfield code="e">author</marc:subfield>
            <marc:subfield code="u">College of Resources and Environmental Sciences, China Agricultural University, No. 2 Yuanmingyuan West Rd., Haidian District, Beijing, 100193, China. yangxg@cau.edu.cn</marc:subfield>
        </marc:datafield>
        <marc:datafield tag="700" ind1="1" ind2=" ">
            <marc:subfield code="a">Lin, Xiaomao</marc:subfield>
            <marc:subfield code="e">author</marc:subfield>
            <marc:subfield code="u">Department of Agronomy, Kansas State University, 2108 Throckmorton Hall, Plant Sciences Center, Manhattan, KS, 66506, USA</marc:subfield>
        </marc:datafield>
        <marc:datafield tag="700" ind1="1" ind2=" ">
            <marc:subfield code="a">Gowda, Prasanna</marc:subfield>
            <marc:subfield code="e">author</marc:subfield>
            <marc:subfield code="u">Forage and Livestock Production Research Unit, USDA-ARS Grazinglands Research Laboratory, El Reno, OK, 73036, USA</marc:subfield>
        </marc:datafield>
        <marc:datafield tag="700" ind1="1" ind2=" ">
            <marc:subfield code="a">Lv, Shuo</marc:subfield>
            <marc:subfield code="e">author</marc:subfield>
            <marc:subfield code="u">College of Resources and Environmental Sciences, China Agricultural University, No. 2 Yuanmingyuan West Rd., Haidian District, Beijing, 100193, China</marc:subfield>
        </marc:datafield>
        <marc:datafield tag="700" ind1="1" ind2=" ">
            <marc:subfield code="a">Wang, Jing</marc:subfield>
            <marc:subfield code="e">author</marc:subfield>
            <marc:subfield code="u">College of Resources and Environmental Sciences, China Agricultural University, No. 2 Yuanmingyuan West Rd., Haidian District, Beijing, 100193, China</marc:subfield>
        </marc:datafield>
        <marc:datafield tag="773" ind1="0" ind2=" ">
            <marc:subfield code="t">Climatic change.</marc:subfield>
            <marc:subfield code="g">2018 Aug., v. 149, no. 3-4 p.473-487</marc:subfield>
            <marc:subfield code="d">Springer Netherlands</marc:subfield>
            <marc:subfield code="w">Journal:jnl8952</marc:subfield>
            <marc:subfield code="x">0165-0009</marc:subfield>
            <marc:subfield code="7">nnas</marc:subfield>
        </marc:datafield>
        <marc:datafield tag="787" ind1="1" ind2=" ">
            <marc:subfield code="o">islandora_article_repository</marc:subfield>
        </marc:datafield>
        <marc:datafield tag="787" ind1="1" ind2=" ">
            <marc:subfield code="o">product_pubag</marc:subfield>
        </marc:datafield>
        <marc:datafield tag="787" ind1="1" ind2=" ">
            <marc:subfield code="o">(Journal)jnl8952</marc:subfield>
        </marc:datafield>
        <marc:datafield tag="856" ind1="4" ind2="0">
            <marc:subfield code="u">https://dx.doi.org/10.1007/s10584-018-2243-x</marc:subfield>
            <marc:subfield code="3">Available from publisher's site</marc:subfield>
        </marc:datafield>
        <marc:datafield tag="912" ind1=" " ind2=" ">
            <marc:subfield code="a">Article</marc:subfield>
        </marc:datafield>
        <marc:datafield tag="914" ind1=" " ind2=" ">
            <marc:subfield code="a">Journal:jnl8952</marc:subfield>
            <marc:subfield code="b">0165-0009</marc:subfield>
            <marc:subfield code="c">149</marc:subfield>
            <marc:subfield code="d">3-4</marc:subfield>
            <marc:subfield code="e">473</marc:subfield>
        </marc:datafield>
        <marc:datafield tag="914" ind1=" " ind2=" ">
            <marc:subfield code="f">Climatic change</marc:subfield>
        </marc:datafield>
        <marc:datafield tag="916" ind1=" " ind2=" ">
            <marc:subfield code="a">Batch:2071</marc:subfield>
        </marc:datafield>
        <marc:datafield tag="917" ind1=" " ind2=" ">
            <marc:subfield code="a">issued</marc:subfield>
        </marc:datafield>
        <marc:datafield tag="918" ind1="2" ind2=" ">
            <marc:subfield code="a">Springer</marc:subfield>
            <marc:subfield code="e">provider</marc:subfield>
            <marc:subfield code="5">DNAL</marc:subfield>
        </marc:datafield>
        <marc:datafield tag="935" ind1=" " ind2=" ">
            <marc:subfield code="a">IND606108092</marc:subfield>
            <marc:subfield code="9">ExL</marc:subfield>
        </marc:datafield>
        <marc:datafield tag="949" ind1=" " ind2=" ">
            <marc:subfield code="a">2019-04-05</marc:subfield>
        </marc:datafield>
        <marc:datafield tag="953" ind1=" " ind2=" ">
            <marc:subfield code="a">/data/metadata/incoming/springer/ftp_PUB_19-04-05_05-35-16.zip</marc:subfield>
        </marc:datafield>
        <marc:datafield tag="954" ind1=" " ind2=" ">
            <marc:subfield code="a">file:/data/metadata/staging/springer/10584-149-3-4.xml</marc:subfield>
        </marc:datafield>
        <marc:datafield tag="955" ind1=" " ind2=" ">
            <marc:subfield code="a">/data/metadata/staging/springer/</marc:subfield>
        </marc:datafield>
        <marc:datafield tag="961" ind1=" " ind2=" ">
            <marc:subfield code="a">USDA/ARS</marc:subfield>
        </marc:datafield>
        <marc:datafield tag="974" ind1=" " ind2=" ">
            <marc:subfield code="a">agid:6108092</marc:subfield>
        </marc:datafield>
        <marc:datafield tag="983" ind1=" " ind2=" ">
            <marc:subfield code="a">2019-04-05</marc:subfield>
        </marc:datafield>
        <marc:datafield tag="984" ind1=" " ind2=" ">
            <marc:subfield code="a">2019-04-05</marc:subfield>
        </marc:datafield>
    </marc:record>