
    <marc:record>
        <marc:leader>05096nab a2200649 u 4500</marc:leader>
        <marc:controlfield tag="001">9915948307307426</marc:controlfield>
        <marc:controlfield tag="005">20221117101756.0</marc:controlfield>
        <marc:controlfield tag="008">220505e202206  xx |||||o|||||||||||eng||</marc:controlfield>
        <marc:datafield tag="016" ind1="7" ind2=" ">
            <marc:subfield code="a">IND607763756</marc:subfield>
            <marc:subfield code="2">DNAL</marc:subfield>
        </marc:datafield>
        <marc:datafield tag="024" ind1="7" ind2=" ">
            <marc:subfield code="a">10.1111/geb.13489</marc:subfield>
            <marc:subfield code="2">doi</marc:subfield>
        </marc:datafield>
        <marc:datafield tag="035" ind1=" " ind2=" ">
            <marc:subfield code="a">agid:7763756-01nal_inst</marc:subfield>
        </marc:datafield>
        <marc:datafield tag="040" ind1=" " ind2=" ">
            <marc:subfield code="a">AGL</marc:subfield>
            <marc:subfield code="b">eng</marc:subfield>
            <marc:subfield code="c">AGL</marc:subfield>
        </marc:datafield>
        <marc:datafield tag="100" ind1="1" ind2=" ">
            <marc:subfield code="a">Gautam, Sagar</marc:subfield>
            <marc:subfield code="e">author</marc:subfield>
            <marc:subfield code="u">Bioscience Division, Sandia National Laboratory, Livermore, California, USA</marc:subfield>
            <marc:subfield code="1">https://orcid.org/0000-0002-0828-1631</marc:subfield>
        </marc:datafield>
        <marc:datafield tag="245" ind1="1" ind2="0">
            <marc:subfield code="a">Continental United States may lose 1.8 petagrams of soil organic carbon under climate change by 2100</marc:subfield>
        </marc:datafield>
        <marc:datafield tag="300" ind1=" " ind2=" ">
            <marc:subfield code="a">p. 1147-1160.</marc:subfield>
        </marc:datafield>
        <marc:datafield tag="500" ind1=" " ind2=" ">
            <marc:subfield code="a">JOURNAL ARTICLE</marc:subfield>
        </marc:datafield>
        <marc:datafield tag="520" ind1=" " ind2=" ">
            <marc:subfield code="a">AIMS: High‐resolution information on soils’ vulnerability to climate‐induced soil organic carbon (SOC) loss can enable environmental scientists, land managers, and policy makers to develop targeted mitigation strategies. This study aims to estimate baseline and decadal changes in continental US surface SOC stocks under future emission scenarios. LOCATION: Continental United States. TIME PERIOD: 2014–2100. METHODS: We used recent SOC field observations (n = 6,213 sites), environmental factors (n = 32), and an ensemble machine learning (ML) approach to estimate baseline SOC stocks in surface soils across the continental United States at 100‐m spatial resolution, and decadal changes under the projected climate scenarios of Coupled Model Intercomparison Project Phase Six (CMIP6) earth system models (ESMs). RESULTS: Baseline SOC projections from ML approaches captured more than 50% of variability in SOC observations, whereas ESMs represented only 6–16% of observed SOC variability. ML estimates showed a mean total loss of 1.8 Pg C from US surface soils under the high‐emission scenario by 2100, whereas ESMs showed no significant change in SOC stocks with wide variation among ESMs. Both ML and ESM predictions agree on the direction of SOC change (net emissions or sequestration) across 46–51% of continental US land area. These differences are attributable to the high‐resolution site‐specific data used in the ML models compared to the relatively coarse grid represented in CMIP6 ESMs. MAIN CONCLUSIONS: Our high‐resolution estimates of baseline SOC stocks, identification of key environmental controllers, and projection of SOC changes from US land cover types under future climate scenarios suggest the need for high‐resolution simulations of SOC in ESMs to represent the heterogeneity of SOC. We found that the SOC change is sensitive to key soil related factors (e.g. soil drainage and soil order) that have not been historically considered as input parameters in ESMs, because currently more than 95% variability in the SOC of CMIP6 ESMs is controlled by net primary productivity, temperature, and precipitation. Using additional environmental factors to estimate the baseline SOC stocks and predict the future trajectory of SOC change can provide more accurate results.</marc:subfield>
        </marc:datafield>
        <marc:datafield tag="592" ind1=" " ind2=" ">
            <marc:subfield code="a">Publisher supplied data</marc:subfield>
        </marc:datafield>
        <marc:datafield tag="593" ind1=" " ind2=" ">
            <marc:subfield code="a">PubAg article</marc:subfield>
        </marc:datafield>
        <marc:datafield tag="596" ind1=" " ind2=" ">
            <marc:subfield code="a">DE‐AC02‐05CH11231</marc:subfield>
            <marc:subfield code="c">Office of Biological and Environmental Research</marc:subfield>
        </marc:datafield>
        <marc:datafield tag="650" ind1=" " ind2="3">
            <marc:subfield code="a">biogeography</marc:subfield>
        </marc:datafield>
        <marc:datafield tag="650" ind1=" " ind2="3">
            <marc:subfield code="a">climate change</marc:subfield>
        </marc:datafield>
        <marc:datafield tag="650" ind1=" " ind2="3">
            <marc:subfield code="a">climatic factors</marc:subfield>
        </marc:datafield>
        <marc:datafield tag="650" ind1=" " ind2="3">
            <marc:subfield code="a">drainage</marc:subfield>
        </marc:datafield>
        <marc:datafield tag="650" ind1=" " ind2="3">
            <marc:subfield code="a">issues and policy</marc:subfield>
        </marc:datafield>
        <marc:datafield tag="650" ind1=" " ind2="3">
            <marc:subfield code="a">land cover</marc:subfield>
        </marc:datafield>
        <marc:datafield tag="650" ind1=" " ind2="3">
            <marc:subfield code="a">models</marc:subfield>
        </marc:datafield>
        <marc:datafield tag="650" ind1=" " ind2="3">
            <marc:subfield code="a">net primary productivity</marc:subfield>
        </marc:datafield>
        <marc:datafield tag="650" ind1=" " ind2="3">
            <marc:subfield code="a">soil</marc:subfield>
        </marc:datafield>
        <marc:datafield tag="650" ind1=" " ind2="3">
            <marc:subfield code="a">soil organic carbon</marc:subfield>
        </marc:datafield>
        <marc:datafield tag="650" ind1=" " ind2="3">
            <marc:subfield code="a">temperature</marc:subfield>
        </marc:datafield>
        <marc:datafield tag="700" ind1="1" ind2=" ">
            <marc:subfield code="a">Mishra, Umakant</marc:subfield>
            <marc:subfield code="e">author</marc:subfield>
            <marc:subfield code="u">Bioscience Division, Sandia National Laboratory, Livermore, California, USA</marc:subfield>
        </marc:datafield>
        <marc:datafield tag="700" ind1="1" ind2=" ">
            <marc:subfield code="a">Scown, Corinne D.</marc:subfield>
            <marc:subfield code="e">author</marc:subfield>
            <marc:subfield code="u">Joint BioEnergy Institute, Lawrence Berkeley National Laboratory, Emeryville, California, USA</marc:subfield>
            <marc:subfield code="1">https://orcid.org/0000-0003-2078-1126</marc:subfield>
        </marc:datafield>
        <marc:datafield tag="700" ind1="1" ind2=" ">
            <marc:subfield code="a">Wills, Skye A.</marc:subfield>
            <marc:subfield code="e">author</marc:subfield>
            <marc:subfield code="u">National Soil Survey Center, USDA‐NRCS, Lincoln, Nebraska, USA</marc:subfield>
        </marc:datafield>
        <marc:datafield tag="700" ind1="1" ind2=" ">
            <marc:subfield code="a">Adhikari, Kabindra</marc:subfield>
            <marc:subfield code="e">author</marc:subfield>
            <marc:subfield code="u">Grassland, Soil and Water Research Laboratory, USDA‐ARS, Temple, Texas, USA</marc:subfield>
            <marc:subfield code="1">https://orcid.org/0000-0002-1365-7015</marc:subfield>
        </marc:datafield>
        <marc:datafield tag="700" ind1="1" ind2=" ">
            <marc:subfield code="a">Drewniak, Beth A.</marc:subfield>
            <marc:subfield code="e">author</marc:subfield>
            <marc:subfield code="u">Environmental Science Division, Argonne National Laboratory, Lemont, Illinois, USA</marc:subfield>
        </marc:datafield>
        <marc:datafield tag="773" ind1="0" ind2=" ">
            <marc:subfield code="t">Global ecology and biogeography.</marc:subfield>
            <marc:subfield code="g">2022 June, v. 31, no. 6 p.1147-1160</marc:subfield>
            <marc:subfield code="d">John Wiley &amp; Sons, Ltd</marc:subfield>
            <marc:subfield code="w">Journal:jnl3920180</marc:subfield>
            <marc:subfield code="x">1466-822X</marc:subfield>
            <marc:subfield code="7">nnas</marc:subfield>
        </marc:datafield>
        <marc:datafield tag="787" ind1="1" ind2=" ">
            <marc:subfield code="o">islandora_article_repository</marc:subfield>
        </marc:datafield>
        <marc:datafield tag="787" ind1="1" ind2=" ">
            <marc:subfield code="o">product_pubag</marc:subfield>
        </marc:datafield>
        <marc:datafield tag="787" ind1="1" ind2=" ">
            <marc:subfield code="o">(Journal)jnl3920180</marc:subfield>
        </marc:datafield>
        <marc:datafield tag="856" ind1="4" ind2="0">
            <marc:subfield code="u">https://dx.doi.org/10.1111/geb.13489</marc:subfield>
            <marc:subfield code="3">Available from publisher's site</marc:subfield>
        </marc:datafield>
        <marc:datafield tag="912" ind1=" " ind2=" ">
            <marc:subfield code="a">Article</marc:subfield>
        </marc:datafield>
        <marc:datafield tag="914" ind1=" " ind2=" ">
            <marc:subfield code="a">Journal:jnl3920180</marc:subfield>
            <marc:subfield code="b">1466-822X</marc:subfield>
            <marc:subfield code="c">31</marc:subfield>
            <marc:subfield code="d">6</marc:subfield>
            <marc:subfield code="e">1147</marc:subfield>
        </marc:datafield>
        <marc:datafield tag="914" ind1=" " ind2=" ">
            <marc:subfield code="f">Global ecology and biogeography</marc:subfield>
        </marc:datafield>
        <marc:datafield tag="916" ind1=" " ind2=" ">
            <marc:subfield code="a">Batch:10254</marc:subfield>
        </marc:datafield>
        <marc:datafield tag="917" ind1=" " ind2=" ">
            <marc:subfield code="a">issued</marc:subfield>
        </marc:datafield>
        <marc:datafield tag="918" ind1="2" ind2=" ">
            <marc:subfield code="a">John Wiley &amp; Sons, Inc</marc:subfield>
            <marc:subfield code="e">provider</marc:subfield>
            <marc:subfield code="5">DNAL</marc:subfield>
        </marc:datafield>
        <marc:datafield tag="935" ind1=" " ind2=" ">
            <marc:subfield code="a">IND607763756</marc:subfield>
            <marc:subfield code="9">ExL</marc:subfield>
        </marc:datafield>
        <marc:datafield tag="949" ind1=" " ind2=" ">
            <marc:subfield code="a">2022-05-06</marc:subfield>
        </marc:datafield>
        <marc:datafield tag="952" ind1=" " ind2=" ">
            <marc:subfield code="d">NAL-AP-2-clean</marc:subfield>
        </marc:datafield>
        <marc:datafield tag="953" ind1=" " ind2=" ">
            <marc:subfield code="a">/data/metadata/incoming/wiley/1466822X_2022_31_6.xml</marc:subfield>
        </marc:datafield>
        <marc:datafield tag="954" ind1=" " ind2=" ">
            <marc:subfield code="a">file:/data/metadata/staging/wiley/1466822X_2022_31_6.xml</marc:subfield>
        </marc:datafield>
        <marc:datafield tag="955" ind1=" " ind2=" ">
            <marc:subfield code="a">/data/metadata/staging/wiley/</marc:subfield>
        </marc:datafield>
        <marc:datafield tag="961" ind1=" " ind2=" ">
            <marc:subfield code="a">USDA/ARSUSDA/NRCS</marc:subfield>
        </marc:datafield>
        <marc:datafield tag="974" ind1=" " ind2=" ">
            <marc:subfield code="a">agid:7763756</marc:subfield>
        </marc:datafield>
        <marc:datafield tag="983" ind1=" " ind2=" ">
            <marc:subfield code="a">2022-05-05</marc:subfield>
        </marc:datafield>
        <marc:datafield tag="984" ind1=" " ind2=" ">
            <marc:subfield code="a">2022-05-05</marc:subfield>
        </marc:datafield>
    </marc:record>