
    <marc:record>
        <marc:leader>05591nab a2201021 u 4500</marc:leader>
        <marc:controlfield tag="001">9915981431507426</marc:controlfield>
        <marc:controlfield tag="005">20221214225321.0</marc:controlfield>
        <marc:controlfield tag="008">190403e20170131xx |||||o|||||||||||eng||</marc:controlfield>
        <marc:datafield tag="016" ind1="7" ind2=" ">
            <marc:subfield code="a">IND605585598</marc:subfield>
            <marc:subfield code="2">DNAL</marc:subfield>
        </marc:datafield>
        <marc:datafield tag="024" ind1="7" ind2=" ">
            <marc:subfield code="a">320719</marc:subfield>
            <marc:subfield code="2">aris</marc:subfield>
        </marc:datafield>
        <marc:datafield tag="024" ind1="7" ind2=" ">
            <marc:subfield code="a">10113/5585598</marc:subfield>
            <marc:subfield code="2">hdl</marc:subfield>
        </marc:datafield>
        <marc:datafield tag="024" ind1="7" ind2=" ">
            <marc:subfield code="a">10.1016/j.agwat.2016.11.007</marc:subfield>
            <marc:subfield code="2">doi</marc:subfield>
        </marc:datafield>
        <marc:datafield tag="024" ind1="8" ind2=" ">
            <marc:subfield code="a">ns17594</marc:subfield>
        </marc:datafield>
        <marc:datafield tag="035" ind1=" " ind2=" ">
            <marc:subfield code="a">agid:5585598-01nal_inst</marc:subfield>
        </marc:datafield>
        <marc:datafield tag="040" ind1=" " ind2=" ">
            <marc:subfield code="a">AGL</marc:subfield>
            <marc:subfield code="b">eng</marc:subfield>
            <marc:subfield code="c">AGL</marc:subfield>
        </marc:datafield>
        <marc:datafield tag="100" ind1="1" ind2=" ">
            <marc:subfield code="a">Ma, L.</marc:subfield>
            <marc:subfield code="e">author</marc:subfield>
            <marc:subfield code="u">USDA-ARS, Agricultural Systems Research Unit, Fort Collins, CO 80526, United States</marc:subfield>
        </marc:datafield>
        <marc:datafield tag="245" ind1="1" ind2="0">
            <marc:subfield code="a">Modeling yield and biomass responses of maize cultivars to climate change under full and deficit irrigation</marc:subfield>
        </marc:datafield>
        <marc:datafield tag="300" ind1=" " ind2=" ">
            <marc:subfield code="a">p. 88-98.</marc:subfield>
        </marc:datafield>
        <marc:datafield tag="506" ind1=" " ind2=" ">
            <marc:subfield code="a">Works produced by employees of the U.S. Government as part of their official duties are not copyrighted within the U.S. The content of this document is not copyrighted.</marc:subfield>
        </marc:datafield>
        <marc:datafield tag="520" ind1=" " ind2=" ">
            <marc:subfield code="a">With as much as 4.8°C increase in air temperature by end of 21st century, new crop cultivars are needed for adapting to the new climate. The objective of this study was to identify maize (Zea mays L.) cultivar parameters that maintain yield under projected climate for late in the 21st century under full and deficit irrigation in a semi-arid region. The Root Zone Water Quality Model (RZWQM2) was calibrated with four years of maize data from northeastern Colorado, USA, under various irrigation conditions and was then used to simulate climate change effects on maize production with current management practices. Results showed that projected climate change decreased yield by 21% and biomass by 7% late in the 21st century (2070–2091) under full irrigation, compared to yield in the current climate (1992–2013). Under deficit irrigation, the corresponding reductions were 14% and 3%, respectively. Using the cultivar parameters calibrated with RZWQM2 for southern Colorado condition did not show yield decrease under future climate, but it simulated much lower yield under current climate in northeastern Colorado. A cultivar from the DSSAT (Decision Support Systems for Agrotechnology Transfer) crop database (GL 482) produced similar yield to experimental data under current climate and increased yield by 4% at full irrigation under future climate in northeastern Colorado. Using Latin Hypercube Sampling (LHS), we also identified 70 cultivars with longer maturity duration (between silking and physiological maturity) and higher grain filling rate for mitigating climate change effects on maize production. These two identified traits can guide plant breeders in developing cultivars for the future.</marc:subfield>
        </marc:datafield>
        <marc:datafield tag="592" ind1=" " ind2=" ">
            <marc:subfield code="a">Publisher supplied data</marc:subfield>
        </marc:datafield>
        <marc:datafield tag="593" ind1=" " ind2=" ">
            <marc:subfield code="a">PubAg article</marc:subfield>
        </marc:datafield>
        <marc:datafield tag="593" ind1=" " ind2=" ">
            <marc:subfield code="e">ARIS manuscript</marc:subfield>
        </marc:datafield>
        <marc:datafield tag="650" ind1=" " ind2="3">
            <marc:subfield code="a">Root Zone Water Quality Model</marc:subfield>
        </marc:datafield>
        <marc:datafield tag="650" ind1=" " ind2="3">
            <marc:subfield code="a">Zea mays</marc:subfield>
        </marc:datafield>
        <marc:datafield tag="650" ind1=" " ind2="3">
            <marc:subfield code="a">air temperature</marc:subfield>
        </marc:datafield>
        <marc:datafield tag="650" ind1=" " ind2="3">
            <marc:subfield code="a">biomass production</marc:subfield>
        </marc:datafield>
        <marc:datafield tag="650" ind1=" " ind2="3">
            <marc:subfield code="a">climate change</marc:subfield>
        </marc:datafield>
        <marc:datafield tag="650" ind1=" " ind2="3">
            <marc:subfield code="a">corn</marc:subfield>
        </marc:datafield>
        <marc:datafield tag="650" ind1=" " ind2="3">
            <marc:subfield code="a">crop production</marc:subfield>
        </marc:datafield>
        <marc:datafield tag="650" ind1=" " ind2="3">
            <marc:subfield code="a">cultivars</marc:subfield>
        </marc:datafield>
        <marc:datafield tag="650" ind1=" " ind2="3">
            <marc:subfield code="a">databases</marc:subfield>
        </marc:datafield>
        <marc:datafield tag="650" ind1=" " ind2="3">
            <marc:subfield code="a">decision support systems</marc:subfield>
        </marc:datafield>
        <marc:datafield tag="650" ind1=" " ind2="3">
            <marc:subfield code="a">deficit irrigation</marc:subfield>
        </marc:datafield>
        <marc:datafield tag="650" ind1=" " ind2="3">
            <marc:subfield code="a">filling period</marc:subfield>
        </marc:datafield>
        <marc:datafield tag="650" ind1=" " ind2="3">
            <marc:subfield code="a">irrigation rates</marc:subfield>
        </marc:datafield>
        <marc:datafield tag="650" ind1=" " ind2="3">
            <marc:subfield code="a">semiarid zones</marc:subfield>
        </marc:datafield>
        <marc:datafield tag="651" ind1=" " ind2="3">
            <marc:subfield code="a">Colorado</marc:subfield>
        </marc:datafield>
        <marc:datafield tag="653" ind1=" " ind2="0">
            <marc:subfield code="a">AET</marc:subfield>
        </marc:datafield>
        <marc:datafield tag="653" ind1=" " ind2="0">
            <marc:subfield code="a">DSSAT</marc:subfield>
        </marc:datafield>
        <marc:datafield tag="653" ind1=" " ind2="0">
            <marc:subfield code="a">ET</marc:subfield>
        </marc:datafield>
        <marc:datafield tag="653" ind1=" " ind2="0">
            <marc:subfield code="a">ETc</marc:subfield>
        </marc:datafield>
        <marc:datafield tag="653" ind1=" " ind2="0">
            <marc:subfield code="a">ETr</marc:subfield>
        </marc:datafield>
        <marc:datafield tag="653" ind1=" " ind2="0">
            <marc:subfield code="a">GLEAMS</marc:subfield>
        </marc:datafield>
        <marc:datafield tag="653" ind1=" " ind2="0">
            <marc:subfield code="a">IPCC</marc:subfield>
        </marc:datafield>
        <marc:datafield tag="653" ind1=" " ind2="0">
            <marc:subfield code="a">LHS</marc:subfield>
        </marc:datafield>
        <marc:datafield tag="653" ind1=" " ind2="0">
            <marc:subfield code="a">RCP</marc:subfield>
        </marc:datafield>
        <marc:datafield tag="653" ind1=" " ind2="0">
            <marc:subfield code="a">RZWQM</marc:subfield>
        </marc:datafield>
        <marc:datafield tag="653" ind1=" " ind2="0">
            <marc:subfield code="a">SHAW</marc:subfield>
        </marc:datafield>
        <marc:datafield tag="653" ind1=" " ind2="0">
            <marc:subfield code="a">TDR</marc:subfield>
        </marc:datafield>
        <marc:datafield tag="653" ind1=" " ind2="0">
            <marc:subfield code="a">WUE</marc:subfield>
        </marc:datafield>
        <marc:datafield tag="653" ind1=" " ind2="0">
            <marc:subfield code="a">Systems modeling</marc:subfield>
        </marc:datafield>
        <marc:datafield tag="653" ind1=" " ind2="0">
            <marc:subfield code="a">RZWQM</marc:subfield>
        </marc:datafield>
        <marc:datafield tag="653" ind1=" " ind2="0">
            <marc:subfield code="a">DSSAT</marc:subfield>
        </marc:datafield>
        <marc:datafield tag="653" ind1=" " ind2="0">
            <marc:subfield code="a">Cultivar traits</marc:subfield>
        </marc:datafield>
        <marc:datafield tag="653" ind1=" " ind2="0">
            <marc:subfield code="a">Climate adaptation</marc:subfield>
        </marc:datafield>
        <marc:datafield tag="653" ind1=" " ind2="0">
            <marc:subfield code="a">Crop simulation</marc:subfield>
        </marc:datafield>
        <marc:datafield tag="653" ind1=" " ind2="0">
            <marc:subfield code="a">Irrigation management</marc:subfield>
        </marc:datafield>
        <marc:datafield tag="653" ind1=" " ind2="0">
            <marc:subfield code="a">Colorado</marc:subfield>
        </marc:datafield>
        <marc:datafield tag="700" ind1="1" ind2=" ">
            <marc:subfield code="a">Ahuja, L.R.</marc:subfield>
            <marc:subfield code="e">author</marc:subfield>
            <marc:subfield code="u">USDA-ARS, Agricultural Systems Research Unit, Fort Collins, CO 80526, United States</marc:subfield>
        </marc:datafield>
        <marc:datafield tag="700" ind1="1" ind2=" ">
            <marc:subfield code="a">Islam, A.</marc:subfield>
            <marc:subfield code="e">author</marc:subfield>
            <marc:subfield code="u">Division of Natural Resources Management (NRM), Indian Council of Agricultural Research (ICAR), New Delhi, 110012, India</marc:subfield>
        </marc:datafield>
        <marc:datafield tag="700" ind1="1" ind2=" ">
            <marc:subfield code="a">Trout, T.J.</marc:subfield>
            <marc:subfield code="e">author</marc:subfield>
            <marc:subfield code="u">USDA-ARS, Water Management and Systems Research Unit, Fort Collins, CO 80526, United States</marc:subfield>
        </marc:datafield>
        <marc:datafield tag="700" ind1="1" ind2=" ">
            <marc:subfield code="a">Saseendran, S.A.</marc:subfield>
            <marc:subfield code="e">author</marc:subfield>
            <marc:subfield code="u">USDA-ARS, Crop Production Systems Research Unit, Stoneville, MS 38776, United States</marc:subfield>
        </marc:datafield>
        <marc:datafield tag="700" ind1="1" ind2=" ">
            <marc:subfield code="a">Malone, R.W.</marc:subfield>
            <marc:subfield code="e">author</marc:subfield>
            <marc:subfield code="u">USDA-ARS, The National Lab for Agricultural and The Environment, Ames, IA 50011, United States</marc:subfield>
        </marc:datafield>
        <marc:datafield tag="773" ind1="0" ind2=" ">
            <marc:subfield code="t">Agricultural water management.</marc:subfield>
            <marc:subfield code="g">2017 Jan. 31, v. 180 p.88-98</marc:subfield>
            <marc:subfield code="d">Elsevier B.V.</marc:subfield>
            <marc:subfield code="w">Journal:jnl8460</marc:subfield>
            <marc:subfield code="x">0378-3774</marc:subfield>
            <marc:subfield code="7">nnas</marc:subfield>
        </marc:datafield>
        <marc:datafield tag="787" ind1="1" ind2=" ">
            <marc:subfield code="o">islandora_article_repository</marc:subfield>
        </marc:datafield>
        <marc:datafield tag="787" ind1="1" ind2=" ">
            <marc:subfield code="o">product_pubag</marc:subfield>
        </marc:datafield>
        <marc:datafield tag="787" ind1="1" ind2=" ">
            <marc:subfield code="o">(Journal)jnl8460</marc:subfield>
        </marc:datafield>
        <marc:datafield tag="856" ind1="4" ind2="0">
            <marc:subfield code="u">https://dx.doi.org/10.1016/j.agwat.2016.11.007</marc:subfield>
            <marc:subfield code="3">Available from publisher's site</marc:subfield>
        </marc:datafield>
        <marc:datafield tag="856" ind1="4" ind2="0">
            <marc:subfield code="u">https://handle.nal.usda.gov/10113/5585598</marc:subfield>
            <marc:subfield code="3">Available in the National Agricultural Library PubAg search system</marc:subfield>
        </marc:datafield>
        <marc:datafield tag="912" ind1=" " ind2=" ">
            <marc:subfield code="a">Article</marc:subfield>
        </marc:datafield>
        <marc:datafield tag="914" ind1=" " ind2=" ">
            <marc:subfield code="a">Journal:jnl8460</marc:subfield>
            <marc:subfield code="b">0378-3774</marc:subfield>
            <marc:subfield code="c">180</marc:subfield>
            <marc:subfield code="e">88</marc:subfield>
        </marc:datafield>
        <marc:datafield tag="914" ind1=" " ind2=" ">
            <marc:subfield code="f">Agricultural water management</marc:subfield>
        </marc:datafield>
        <marc:datafield tag="916" ind1=" " ind2=" ">
            <marc:subfield code="a">Batch:1481</marc:subfield>
        </marc:datafield>
        <marc:datafield tag="917" ind1=" " ind2=" ">
            <marc:subfield code="a">issued</marc:subfield>
        </marc:datafield>
        <marc:datafield tag="918" ind1="2" ind2=" ">
            <marc:subfield code="a">Elsevier Consyn</marc:subfield>
            <marc:subfield code="e">provider</marc:subfield>
            <marc:subfield code="5">DNAL</marc:subfield>
        </marc:datafield>
        <marc:datafield tag="935" ind1=" " ind2=" ">
            <marc:subfield code="a">IND605585598</marc:subfield>
            <marc:subfield code="9">ExL</marc:subfield>
        </marc:datafield>
        <marc:datafield tag="949" ind1=" " ind2=" ">
            <marc:subfield code="a">2019-08-22</marc:subfield>
        </marc:datafield>
        <marc:datafield tag="953" ind1=" " ind2=" ">
            <marc:subfield code="a">/data/metadata/incoming/consyn-backfiles/46-2-00066-HEAD-ONLY.zip</marc:subfield>
        </marc:datafield>
        <marc:datafield tag="954" ind1=" " ind2=" ">
            <marc:subfield code="a">file:/data/metadata/staging/consyn-backfiles/S0378377416304504.xml</marc:subfield>
        </marc:datafield>
        <marc:datafield tag="955" ind1=" " ind2=" ">
            <marc:subfield code="a">/data/metadata/staging/consyn-backfiles/</marc:subfield>
        </marc:datafield>
        <marc:datafield tag="956" ind1=" " ind2=" ">
            <marc:subfield code="a">ARIS submission</marc:subfield>
            <marc:subfield code="b">https://submit.nal.usda.gov/system/files/submissions/nal%20320719%20Malone%20modeling%20yeild%20and%20biomass%202016.pdf</marc:subfield>
        </marc:datafield>
        <marc:datafield tag="961" ind1=" " ind2=" ">
            <marc:subfield code="a">USDA/ARS</marc:subfield>
        </marc:datafield>
        <marc:datafield tag="962" ind1=" " ind2=" ">
            <marc:subfield code="a">USDA Scientist Submission</marc:subfield>
        </marc:datafield>
        <marc:datafield tag="974" ind1=" " ind2=" ">
            <marc:subfield code="a">agid:5585598</marc:subfield>
        </marc:datafield>
        <marc:datafield tag="983" ind1=" " ind2=" ">
            <marc:subfield code="a">2019-04-03</marc:subfield>
        </marc:datafield>
        <marc:datafield tag="984" ind1=" " ind2=" ">
            <marc:subfield code="a">2019-08-22</marc:subfield>
        </marc:datafield>
        <marc:datafield tag="986" ind1=" " ind2=" ">
            <marc:subfield code="a">ns17594</marc:subfield>
        </marc:datafield>
    </marc:record>