
    <marc:record>
        <marc:leader>03363nab a2200469 u 4500</marc:leader>
        <marc:controlfield tag="001">9915994593007426</marc:controlfield>
        <marc:controlfield tag="005">20221122174909.0</marc:controlfield>
        <marc:controlfield tag="008">200226e20161102xx |||||o|||||||||||eng||</marc:controlfield>
        <marc:datafield tag="016" ind1="7" ind2=" ">
            <marc:subfield code="a">IND606817034</marc:subfield>
            <marc:subfield code="2">DNAL</marc:subfield>
        </marc:datafield>
        <marc:datafield tag="024" ind1="7" ind2=" ">
            <marc:subfield code="a">10.3920/WMJ2016.2049</marc:subfield>
            <marc:subfield code="2">doi</marc:subfield>
        </marc:datafield>
        <marc:datafield tag="035" ind1=" " ind2=" ">
            <marc:subfield code="a">agid:6817034-01nal_inst</marc:subfield>
        </marc:datafield>
        <marc:datafield tag="040" ind1=" " ind2=" ">
            <marc:subfield code="a">AGL</marc:subfield>
            <marc:subfield code="b">eng</marc:subfield>
            <marc:subfield code="c">AGL</marc:subfield>
        </marc:datafield>
        <marc:datafield tag="100" ind1="1" ind2=" ">
            <marc:subfield code="a">Gilbert, M.K.</marc:subfield>
            <marc:subfield code="e">author</marc:subfield>
            <marc:subfield code="u">Food and Feed Safety Research Unit, Agricultural Research Service, USDA, New Orleans, LA 70124-4305, USA</marc:subfield>
        </marc:datafield>
        <marc:datafield tag="245" ind1="1" ind2="0">
            <marc:subfield code="a">Use of functional genomics to assess the climate change impact on Aspergillus flavus and aflatoxin production</marc:subfield>
        </marc:datafield>
        <marc:datafield tag="300" ind1=" " ind2=" ">
            <marc:subfield code="a">p. 665-672.</marc:subfield>
        </marc:datafield>
        <marc:datafield tag="520" ind1=" " ind2=" ">
            <marc:subfield code="a">Aspergillus flavus is an opportunistic and pathogenic fungus that infects several crops of agricultural importance and under certain conditions may produce carcinogenic mycotoxins. Rising global temperatures, disrupted precipitation patterns and increased CO₂ levels that are associated with future climate conditions are expected to impact the growth and toxigenic potential of A. flavus. Both laboratory and real world observations have demonstrated this potential, especially when examining the effects of water availability and temperature. Recent experiments have also established that CO₂ may also be affecting toxin production. The application of current technologies in the field of functional genomics, including genomic sequencing, RNA-seq, microarray technologies and proteomics have revealed climate change-related, abiotic regulation of the aflatoxin cluster and influence on the plant-fungus interaction. Furthermore, elevated CO₂ levels have been shown to impact expression of the aflatoxin biosynthetic regulatory gene aflR. The use of functional genomics will allow researchers to better understand the underlying transcriptomic response within the fungus to climate change, with a view towards predicting changes in fungal infection and toxin production associated with climate change.</marc:subfield>
        </marc:datafield>
        <marc:datafield tag="592" ind1=" " ind2=" ">
            <marc:subfield code="a">Publisher supplied data</marc:subfield>
        </marc:datafield>
        <marc:datafield tag="653" ind1=" " ind2="0">
            <marc:subfield code="a">mycotoxins</marc:subfield>
        </marc:datafield>
        <marc:datafield tag="653" ind1=" " ind2="0">
            <marc:subfield code="a">water activity</marc:subfield>
        </marc:datafield>
        <marc:datafield tag="653" ind1=" " ind2="0">
            <marc:subfield code="a">temperature</marc:subfield>
        </marc:datafield>
        <marc:datafield tag="653" ind1=" " ind2="0">
            <marc:subfield code="a">carbon dioxide</marc:subfield>
        </marc:datafield>
        <marc:datafield tag="653" ind1=" " ind2="0">
            <marc:subfield code="a">transcriptomics</marc:subfield>
        </marc:datafield>
        <marc:datafield tag="700" ind1="1" ind2=" ">
            <marc:subfield code="a">Mack, B.M.</marc:subfield>
            <marc:subfield code="e">author</marc:subfield>
            <marc:subfield code="u">Food and Feed Safety Research Unit, Agricultural Research Service, USDA, New Orleans, LA 70124-4305, USA</marc:subfield>
        </marc:datafield>
        <marc:datafield tag="700" ind1="1" ind2=" ">
            <marc:subfield code="a">Payne, G.A.</marc:subfield>
            <marc:subfield code="e">author</marc:subfield>
            <marc:subfield code="u">Department of Plant Pathology, North Carolina State University, Raleigh, NC 27695-7567, USA</marc:subfield>
        </marc:datafield>
        <marc:datafield tag="700" ind1="1" ind2=" ">
            <marc:subfield code="a">Bhatnagar, D.</marc:subfield>
            <marc:subfield code="e">author</marc:subfield>
            <marc:subfield code="u">Food and Feed Safety Research Unit, Agricultural Research Service, USDA, New Orleans, LA 70124-4305, USA</marc:subfield>
        </marc:datafield>
        <marc:datafield tag="773" ind1="0" ind2=" ">
            <marc:subfield code="t">World mycotoxin journal.</marc:subfield>
            <marc:subfield code="g">2016 Nov. 2, v. 9, no. 5 p.665-672</marc:subfield>
            <marc:subfield code="d">Wageningen Academic Publishers</marc:subfield>
            <marc:subfield code="w">Journal:jnl4395724</marc:subfield>
            <marc:subfield code="x">1875-0796</marc:subfield>
            <marc:subfield code="7">nnas</marc:subfield>
        </marc:datafield>
        <marc:datafield tag="787" ind1="1" ind2=" ">
            <marc:subfield code="o">islandora_article_repository</marc:subfield>
        </marc:datafield>
        <marc:datafield tag="787" ind1="1" ind2=" ">
            <marc:subfield code="o">(Journal)jnl4395724</marc:subfield>
        </marc:datafield>
        <marc:datafield tag="856" ind1="4" ind2="0">
            <marc:subfield code="u">https://dx.doi.org/10.3920/WMJ2016.2049</marc:subfield>
            <marc:subfield code="3">Available from publisher's site</marc:subfield>
        </marc:datafield>
        <marc:datafield tag="912" ind1=" " ind2=" ">
            <marc:subfield code="a">Article</marc:subfield>
        </marc:datafield>
        <marc:datafield tag="914" ind1=" " ind2=" ">
            <marc:subfield code="a">Journal:jnl4395724</marc:subfield>
            <marc:subfield code="b">1875-0796</marc:subfield>
            <marc:subfield code="c">9</marc:subfield>
            <marc:subfield code="d">5</marc:subfield>
            <marc:subfield code="e">665</marc:subfield>
        </marc:datafield>
        <marc:datafield tag="914" ind1=" " ind2=" ">
            <marc:subfield code="f">World mycotoxin journal</marc:subfield>
        </marc:datafield>
        <marc:datafield tag="917" ind1=" " ind2=" ">
            <marc:subfield code="a">review</marc:subfield>
        </marc:datafield>
        <marc:datafield tag="918" ind1="2" ind2=" ">
            <marc:subfield code="a">Wageningen Academic Publishers</marc:subfield>
            <marc:subfield code="e">provider</marc:subfield>
            <marc:subfield code="5">DNAL</marc:subfield>
        </marc:datafield>
        <marc:datafield tag="935" ind1=" " ind2=" ">
            <marc:subfield code="a">IND606817034</marc:subfield>
            <marc:subfield code="9">ExL</marc:subfield>
        </marc:datafield>
        <marc:datafield tag="953" ind1=" " ind2=" ">
            <marc:subfield code="a">/data/metadata/incoming/wagen/WMJv9i5-02250342-125115.zip</marc:subfield>
        </marc:datafield>
        <marc:datafield tag="954" ind1=" " ind2=" ">
            <marc:subfield code="a">file:/data/metadata/staging/wagen/wmj2016.2049.xml</marc:subfield>
        </marc:datafield>
        <marc:datafield tag="955" ind1=" " ind2=" ">
            <marc:subfield code="a">/data/metadata/staging/wagen/</marc:subfield>
        </marc:datafield>
        <marc:datafield tag="961" ind1=" " ind2=" ">
            <marc:subfield code="a">USDA/ARS</marc:subfield>
        </marc:datafield>
        <marc:datafield tag="974" ind1=" " ind2=" ">
            <marc:subfield code="a">agid:6817034</marc:subfield>
        </marc:datafield>
        <marc:datafield tag="983" ind1=" " ind2=" ">
            <marc:subfield code="a">2020-02-26</marc:subfield>
        </marc:datafield>
        <marc:datafield tag="984" ind1=" " ind2=" ">
            <marc:subfield code="a">2020-02-26</marc:subfield>
        </marc:datafield>
    </marc:record>