
    <marc:record>
        <marc:leader>04692nab a2200697 u 4500</marc:leader>
        <marc:controlfield tag="001">9916017020407426</marc:controlfield>
        <marc:controlfield tag="005">20221214230226.0</marc:controlfield>
        <marc:controlfield tag="008">210821e20210721xx |||||o|||||||||||eng||</marc:controlfield>
        <marc:datafield tag="016" ind1="7" ind2=" ">
            <marc:subfield code="a">IND607481984</marc:subfield>
            <marc:subfield code="2">DNAL</marc:subfield>
        </marc:datafield>
        <marc:datafield tag="024" ind1="7" ind2=" ">
            <marc:subfield code="a">10113/7481984</marc:subfield>
            <marc:subfield code="2">hdl</marc:subfield>
        </marc:datafield>
        <marc:datafield tag="024" ind1="7" ind2=" ">
            <marc:subfield code="a">383783</marc:subfield>
            <marc:subfield code="2">aris</marc:subfield>
        </marc:datafield>
        <marc:datafield tag="024" ind1="7" ind2=" ">
            <marc:subfield code="a">10.1175/BAMS-D-21-0088.1</marc:subfield>
            <marc:subfield code="2">doi</marc:subfield>
        </marc:datafield>
        <marc:datafield tag="024" ind1="7" ind2=" ">
            <marc:subfield code="a">435564</marc:subfield>
            <marc:subfield code="2">aris_accn_no</marc:subfield>
        </marc:datafield>
        <marc:datafield tag="024" ind1="7" ind2=" ">
            <marc:subfield code="a">3050-11210-009-000D</marc:subfield>
            <marc:subfield code="2">aris_project_no</marc:subfield>
        </marc:datafield>
        <marc:datafield tag="024" ind1="7" ind2=" ">
            <marc:subfield code="a">383783</marc:subfield>
            <marc:subfield code="2">seq_no_115</marc:subfield>
        </marc:datafield>
        <marc:datafield tag="035" ind1=" " ind2=" ">
            <marc:subfield code="a">agid:7481984-01nal_inst</marc:subfield>
        </marc:datafield>
        <marc:datafield tag="040" ind1=" " ind2=" ">
            <marc:subfield code="a">AGL</marc:subfield>
            <marc:subfield code="b">eng</marc:subfield>
            <marc:subfield code="c">AGL</marc:subfield>
        </marc:datafield>
        <marc:datafield tag="100" ind1="1" ind2=" ">
            <marc:subfield code="a">Dinan, Maude</marc:subfield>
            <marc:subfield code="e">author</marc:subfield>
            <marc:subfield code="u">Program Specialist, Jornada Experimental Range, USDA Southwest Climate Hub</marc:subfield>
        </marc:datafield>
        <marc:datafield tag="245" ind1="1" ind2="0">
            <marc:subfield code="a">Addressing air quality, agriculture, and climate change across the Southwest and Southern Plains: A roadmap for research, extension, and policy</marc:subfield>
        </marc:datafield>
        <marc:datafield tag="300" ind1=" " ind2=" ">
            <marc:subfield code="a">p. E1394-E1401.</marc:subfield>
        </marc:datafield>
        <marc:datafield tag="520" ind1=" " ind2=" ">
            <marc:subfield code="a">In February 2021, the USDA Southwest Climate Hub hosted the virtual event, Southwest and Southern Plains Air Quality and Production Agriculture Science and Applications Workshop. The workshop follows the culmination of a nation-wide effort assessing the current state of knowledge of air quality impacts on agricultural production, and vice-versa. This benchmark effort necessitates further discussion, addressing remaining knowledge gaps and progress barriers with the expectation of a changing climate. The goal of the workshop was to identify these needs for the Southwest and Southern Plains region. Convening professionals from health, agricultural, and environmental sectors, the workshop resulted in the following roadmap of priorities intended for those in policy, research, and land management. These priorities include greater attention to the areas and communities missed in monitoring efforts, enhanced data accessibility and communication across sectors, and increased support for research and monitoring by state and federal governments, among others.</marc:subfield>
        </marc:datafield>
        <marc:datafield tag="593" ind1=" " ind2=" ">
            <marc:subfield code="a">PubAg article</marc:subfield>
        </marc:datafield>
        <marc:datafield tag="595" ind1=" " ind2=" ">
            <marc:subfield code="a">865</marc:subfield>
            <marc:subfield code="b">alice.allen</marc:subfield>
            <marc:subfield code="c">2022-05-12</marc:subfield>
            <marc:subfield code="d">amanda.xu</marc:subfield>
            <marc:subfield code="e">2022-05-18</marc:subfield>
        </marc:datafield>
        <marc:datafield tag="593" ind1=" " ind2=" ">
            <marc:subfield code="e">ARIS manuscript</marc:subfield>
        </marc:datafield>
        <marc:datafield tag="650" ind1=" " ind2="3">
            <marc:subfield code="a">USDA</marc:subfield>
        </marc:datafield>
        <marc:datafield tag="650" ind1=" " ind2="3">
            <marc:subfield code="a">air quality</marc:subfield>
        </marc:datafield>
        <marc:datafield tag="650" ind1=" " ind2="3">
            <marc:subfield code="a">climate</marc:subfield>
        </marc:datafield>
        <marc:datafield tag="650" ind1=" " ind2="3">
            <marc:subfield code="a">climate change</marc:subfield>
        </marc:datafield>
        <marc:datafield tag="650" ind1=" " ind2="3">
            <marc:subfield code="a">issues and policy</marc:subfield>
        </marc:datafield>
        <marc:datafield tag="650" ind1=" " ind2="3">
            <marc:subfield code="a">land management</marc:subfield>
        </marc:datafield>
        <marc:datafield tag="700" ind1="1" ind2=" ">
            <marc:subfield code="a">Elias, Emile H.</marc:subfield>
            <marc:subfield code="e">author</marc:subfield>
            <marc:subfield code="u">USDA Southwest Climate Hub</marc:subfield>
            <marc:subfield code="1">https://orcid.org/0000-0001-9964-3177</marc:subfield>
        </marc:datafield>
        <marc:datafield tag="700" ind1="1" ind2=" ">
            <marc:subfield code="a">Webb, Nicholas</marc:subfield>
            <marc:subfield code="e">author</marc:subfield>
            <marc:subfield code="u">Research Associate and Professor, Jornada Experimental Range, New Mexico State University</marc:subfield>
        </marc:datafield>
        <marc:datafield tag="700" ind1="1" ind2=" ">
            <marc:subfield code="a">Zwicke, Greg</marc:subfield>
            <marc:subfield code="e">author</marc:subfield>
            <marc:subfield code="u">Air Quality Engineer, Air Quality and Atmospheric Change Team, USDA-NRCS</marc:subfield>
        </marc:datafield>
        <marc:datafield tag="700" ind1="1" ind2=" ">
            <marc:subfield code="a">Dy, Timothy</marc:subfield>
            <marc:subfield code="e">author</marc:subfield>
            <marc:subfield code="u">TD Environmental Services, LLC</marc:subfield>
        </marc:datafield>
        <marc:datafield tag="700" ind1="1" ind2=" ">
            <marc:subfield code="a">Aney, Skye</marc:subfield>
            <marc:subfield code="e">author</marc:subfield>
            <marc:subfield code="u">Project Manager, Jornada Experimental Range, USDA Southwest Climate Hub</marc:subfield>
        </marc:datafield>
        <marc:datafield tag="700" ind1="1" ind2=" ">
            <marc:subfield code="a">Brady, Michael</marc:subfield>
            <marc:subfield code="e">author</marc:subfield>
            <marc:subfield code="u">Natural Resources Conservation Service, Denver, Colorado</marc:subfield>
        </marc:datafield>
        <marc:datafield tag="700" ind1="1" ind2=" ">
            <marc:subfield code="a">Brown, Joel R.</marc:subfield>
            <marc:subfield code="e">author</marc:subfield>
            <marc:subfield code="u">Natural Resources Conservation Service, USDA Southwest Climate Hub, and USDA-ARS Jornada Experimental Range, Las Cruces, New Mexico</marc:subfield>
        </marc:datafield>
        <marc:datafield tag="700" ind1="1" ind2=" ">
            <marc:subfield code="a">Dobos, Robert R.</marc:subfield>
            <marc:subfield code="e">author</marc:subfield>
            <marc:subfield code="u">Natural Resources Conservation Service, Lincoln, Nebraska</marc:subfield>
        </marc:datafield>
        <marc:datafield tag="700" ind1="1" ind2=" ">
            <marc:subfield code="a">Dubois, Dave</marc:subfield>
            <marc:subfield code="e">author</marc:subfield>
            <marc:subfield code="u">New Mexico Climate Center, and Plant and Environmental Sciences, New Mexico State University, Las Cruces, New Mexico</marc:subfield>
        </marc:datafield>
        <marc:datafield tag="700" ind1="1" ind2=" ">
            <marc:subfield code="a">Edwards, Brandon L.</marc:subfield>
            <marc:subfield code="e">author</marc:subfield>
            <marc:subfield code="u">USDA-ARS Jornada Experimental Range, and Plant and Environmental Sciences, New Mexico State University, Las Cruces, New Mexico</marc:subfield>
        </marc:datafield>
        <marc:datafield tag="700" ind1="1" ind2=" ">
            <marc:subfield code="a">Heimel, Sierra</marc:subfield>
            <marc:subfield code="e">author</marc:subfield>
            <marc:subfield code="u">USDA Southwest Climate Hub, Las Cruces, New Mexico</marc:subfield>
        </marc:datafield>
        <marc:datafield tag="700" ind1="1" ind2=" ">
            <marc:subfield code="a">Luke, Nicholas</marc:subfield>
            <marc:subfield code="e">author</marc:subfield>
            <marc:subfield code="u">New Mexico Climate Center, New Mexico State University, Las Cruces, New Mexico</marc:subfield>
        </marc:datafield>
        <marc:datafield tag="700" ind1="1" ind2=" ">
            <marc:subfield code="a">Rottler, Caitlin M.</marc:subfield>
            <marc:subfield code="e">author</marc:subfield>
            <marc:subfield code="u">South Central Climate Adaptation Science Center, Norman, Oklahoma</marc:subfield>
        </marc:datafield>
        <marc:datafield tag="700" ind1="1" ind2=" ">
            <marc:subfield code="a">Steele, Caitriana</marc:subfield>
            <marc:subfield code="e">author</marc:subfield>
            <marc:subfield code="u">USDA Southwest Climate Hub, and USDA-ARS Jornada Experimental Range, and Plant and Environmental Sciences, New Mexico State University, Las Cruces, New Mexico</marc:subfield>
        </marc:datafield>
        <marc:datafield tag="773" ind1="0" ind2=" ">
            <marc:subfield code="t">Bulletin of the American Meteorological Society.</marc:subfield>
            <marc:subfield code="g">2021 July 20, v. 102, no. 7 p.E1394-E1401</marc:subfield>
            <marc:subfield code="w">Journal:jnl4623929</marc:subfield>
            <marc:subfield code="x">0003-0007</marc:subfield>
            <marc:subfield code="7">nnas</marc:subfield>
        </marc:datafield>
        <marc:datafield tag="787" ind1="1" ind2=" ">
            <marc:subfield code="o">islandora_article_repository</marc:subfield>
        </marc:datafield>
        <marc:datafield tag="787" ind1="1" ind2=" ">
            <marc:subfield code="o">product_pubag</marc:subfield>
        </marc:datafield>
        <marc:datafield tag="787" ind1="1" ind2=" ">
            <marc:subfield code="o">(Journal)jnl4623929</marc:subfield>
        </marc:datafield>
        <marc:datafield tag="856" ind1="4" ind2="0">
            <marc:subfield code="u">http://dx.doi.org/10.1175/BAMS-D-21-0088.1</marc:subfield>
            <marc:subfield code="3">Available from publisher's Web site</marc:subfield>
        </marc:datafield>
        <marc:datafield tag="912" ind1=" " ind2=" ">
            <marc:subfield code="a">Article</marc:subfield>
        </marc:datafield>
        <marc:datafield tag="914" ind1=" " ind2=" ">
            <marc:subfield code="a">Journal:jnl4623929</marc:subfield>
            <marc:subfield code="b">1520-0477</marc:subfield>
            <marc:subfield code="c">102</marc:subfield>
            <marc:subfield code="d">7</marc:subfield>
            <marc:subfield code="e">E1394</marc:subfield>
        </marc:datafield>
        <marc:datafield tag="914" ind1=" " ind2=" ">
            <marc:subfield code="f">Bulletin of the American Meteorological Society</marc:subfield>
        </marc:datafield>
        <marc:datafield tag="917" ind1=" " ind2=" ">
            <marc:subfield code="a">issued</marc:subfield>
        </marc:datafield>
        <marc:datafield tag="935" ind1=" " ind2=" ">
            <marc:subfield code="a">IND607481984</marc:subfield>
            <marc:subfield code="9">ExL</marc:subfield>
        </marc:datafield>
        <marc:datafield tag="949" ind1=" " ind2=" ">
            <marc:subfield code="a">2022-05-13</marc:subfield>
        </marc:datafield>
        <marc:datafield tag="952" ind1=" " ind2=" ">
            <marc:subfield code="d">NAL-AP-2-clean</marc:subfield>
        </marc:datafield>
        <marc:datafield tag="961" ind1=" " ind2=" ">
            <marc:subfield code="a">USDA</marc:subfield>
            <marc:subfield code="b">USDA</marc:subfield>
        </marc:datafield>
        <marc:datafield tag="962" ind1=" " ind2=" ">
            <marc:subfield code="a">USDA Scientist Submission; eISSN 1520-0477</marc:subfield>
        </marc:datafield>
        <marc:datafield tag="974" ind1=" " ind2=" ">
            <marc:subfield code="a">agid:7481984</marc:subfield>
        </marc:datafield>
        <marc:datafield tag="983" ind1=" " ind2=" ">
            <marc:subfield code="a">2021-08-21</marc:subfield>
        </marc:datafield>
        <marc:datafield tag="984" ind1=" " ind2=" ">
            <marc:subfield code="a">2022-05-13</marc:subfield>
        </marc:datafield>
    </marc:record>