
    <marc:record>
        <marc:leader>04738nab a2200673 u 4500</marc:leader>
        <marc:controlfield tag="001">9916028558507426</marc:controlfield>
        <marc:controlfield tag="005">20221121102540.0</marc:controlfield>
        <marc:controlfield tag="008">180904e201808  xx |||||o|||||||||||eng||</marc:controlfield>
        <marc:datafield tag="016" ind1="7" ind2=" ">
            <marc:subfield code="a">IND606072394</marc:subfield>
            <marc:subfield code="2">DNAL</marc:subfield>
        </marc:datafield>
        <marc:datafield tag="024" ind1="7" ind2=" ">
            <marc:subfield code="a">10.1007/s12665-018-7723-9</marc:subfield>
            <marc:subfield code="2">doi</marc:subfield>
        </marc:datafield>
        <marc:datafield tag="035" ind1=" " ind2=" ">
            <marc:subfield code="a">agid:6072394-01nal_inst</marc:subfield>
        </marc:datafield>
        <marc:datafield tag="040" ind1=" " ind2=" ">
            <marc:subfield code="a">AGL</marc:subfield>
            <marc:subfield code="b">eng</marc:subfield>
            <marc:subfield code="c">AGL</marc:subfield>
        </marc:datafield>
        <marc:datafield tag="100" ind1="1" ind2=" ">
            <marc:subfield code="a">Gondim, Rubens</marc:subfield>
            <marc:subfield code="e">author</marc:subfield>
            <marc:subfield code="u">Embrapa Agroindústria Tropical, Rua Dra.Sara Mesquita 2270, Fortaleza, CE, 60511-110, Brazil. rubens.gondim@embrapa.br</marc:subfield>
            <marc:subfield code="1">https://orcid.org/0000-0001-7887-1832</marc:subfield>
        </marc:datafield>
        <marc:datafield tag="245" ind1="1" ind2="0">
            <marc:subfield code="a">Climate change impacts on water demand and availability using CMIP5 models in the Jaguaribe basin, semi-arid Brazil</marc:subfield>
        </marc:datafield>
        <marc:datafield tag="300" ind1=" " ind2=" ">
            <marc:subfield code="a">p. 550.</marc:subfield>
        </marc:datafield>
        <marc:datafield tag="520" ind1=" " ind2=" ">
            <marc:subfield code="a">The objective of this study was to analyze climate change impacts on irrigation water demand and availability in the Jaguaribe River basin, Brazil. For northeastern Brazil, five global circulation models were selected using a rainfall seasonal evaluation screening technique from the Intergovernmental Panel on Climate Change named Coupled Model Intercomparison Project Phase 5. The climate variables were generated for the base period of 1971–2000, as were projections for the 2025–2055 future time slice. Removal of maximum and minimum temperature and rainfall output bias was used to estimate reference evapotranspiration, irrigation water needs, and river flow using the rainfall—river flow hydrological model Soil Moisture Accounting Procedure for the baseline and future climate (Representative Concentration Pathways 4.5 and 8.5 scenarios). In addition, by applying improved irrigation efficiency, a scenario was evaluated in comparison with field observed performance. The water-deficit index was used as a water availability performance indicator. Future climate projections by all five models resulted in increases in future reference evapotranspiration (2.3–6.3%) and irrigation water needs (2.8–16.7%) for all scenarios. Regarding rainfall projections, both positive (4.8–12.5%) and negative (− 2.3 to − 15.2%) signals were observed. Most models and scenarios project that annual river flow will decrease. Lower future water availability was detected by the less positive water-deficit index. Improved irrigation efficiency is a key measure for the adaptation to higher future levels of water demand, as climate change impacts could be compensated by gains in irrigation efficiency (water demand changes varying from − 1.7 to − 35.2%).</marc:subfield>
        </marc:datafield>
        <marc:datafield tag="592" ind1=" " ind2=" ">
            <marc:subfield code="a">Publisher supplied data</marc:subfield>
        </marc:datafield>
        <marc:datafield tag="593" ind1=" " ind2=" ">
            <marc:subfield code="a">PubAg article</marc:subfield>
        </marc:datafield>
        <marc:datafield tag="596" ind1=" " ind2=" ">
            <marc:subfield code="a">MP1</marc:subfield>
            <marc:subfield code="c">Embrapa</marc:subfield>
        </marc:datafield>
        <marc:datafield tag="596" ind1=" " ind2=" ">
            <marc:subfield code="a">Adapta</marc:subfield>
            <marc:subfield code="c">CNPq</marc:subfield>
        </marc:datafield>
        <marc:datafield tag="650" ind1=" " ind2="3">
            <marc:subfield code="a">basins</marc:subfield>
        </marc:datafield>
        <marc:datafield tag="650" ind1=" " ind2="3">
            <marc:subfield code="a">climate change</marc:subfield>
        </marc:datafield>
        <marc:datafield tag="650" ind1=" " ind2="3">
            <marc:subfield code="a">climatic factors</marc:subfield>
        </marc:datafield>
        <marc:datafield tag="650" ind1=" " ind2="3">
            <marc:subfield code="a">evapotranspiration</marc:subfield>
        </marc:datafield>
        <marc:datafield tag="650" ind1=" " ind2="3">
            <marc:subfield code="a">hydrologic models</marc:subfield>
        </marc:datafield>
        <marc:datafield tag="650" ind1=" " ind2="3">
            <marc:subfield code="a">irrigation</marc:subfield>
        </marc:datafield>
        <marc:datafield tag="650" ind1=" " ind2="3">
            <marc:subfield code="a">irrigation water</marc:subfield>
        </marc:datafield>
        <marc:datafield tag="650" ind1=" " ind2="3">
            <marc:subfield code="a">rain</marc:subfield>
        </marc:datafield>
        <marc:datafield tag="650" ind1=" " ind2="3">
            <marc:subfield code="a">rivers</marc:subfield>
        </marc:datafield>
        <marc:datafield tag="650" ind1=" " ind2="3">
            <marc:subfield code="a">screening</marc:subfield>
        </marc:datafield>
        <marc:datafield tag="650" ind1=" " ind2="3">
            <marc:subfield code="a">soil water</marc:subfield>
        </marc:datafield>
        <marc:datafield tag="650" ind1=" " ind2="3">
            <marc:subfield code="a">temperature</marc:subfield>
        </marc:datafield>
        <marc:datafield tag="650" ind1=" " ind2="3">
            <marc:subfield code="a">watersheds</marc:subfield>
        </marc:datafield>
        <marc:datafield tag="651" ind1=" " ind2="3">
            <marc:subfield code="a">Brazil</marc:subfield>
        </marc:datafield>
        <marc:datafield tag="700" ind1="1" ind2=" ">
            <marc:subfield code="a">Silveira, Cleiton</marc:subfield>
            <marc:subfield code="e">author</marc:subfield>
            <marc:subfield code="u">Unilab, Campus da Liberdade, Avenida da Abolição, 3-Centro, Redenção, CE, CEP 62790-000, Brazil</marc:subfield>
        </marc:datafield>
        <marc:datafield tag="700" ind1="1" ind2=" ">
            <marc:subfield code="a">de Souza Filho, Francisco</marc:subfield>
            <marc:subfield code="e">author</marc:subfield>
            <marc:subfield code="u">Departamento de Engenharia Hidráulica e Ambiental, Universidade Federal do Ceará, Bloco 713, 1.° Andar, Centro de Tecnologia, Fortaleza, CE, CEP 60451-970, Brazil</marc:subfield>
        </marc:datafield>
        <marc:datafield tag="700" ind1="1" ind2=" ">
            <marc:subfield code="a">Vasconcelos, Francisco, Jr.</marc:subfield>
            <marc:subfield code="c">Jr.</marc:subfield>
            <marc:subfield code="e">author</marc:subfield>
            <marc:subfield code="u">Departamento de Engenharia Hidráulica e Ambiental, Universidade Federal do Ceará, Bloco 713, 1.° Andar, Centro de Tecnologia, Fortaleza, CE, CEP 60451-970, Brazil</marc:subfield>
        </marc:datafield>
        <marc:datafield tag="700" ind1="1" ind2=" ">
            <marc:subfield code="a">Cid, Daniel</marc:subfield>
            <marc:subfield code="e">author</marc:subfield>
            <marc:subfield code="u">Departamento de Engenharia Hidráulica e Ambiental, Universidade Federal do Ceará, Bloco 713, 1.° Andar, Centro de Tecnologia, Fortaleza, CE, CEP 60451-970, Brazil</marc:subfield>
        </marc:datafield>
        <marc:datafield tag="773" ind1="0" ind2=" ">
            <marc:subfield code="t">Environmental earth sciences.</marc:subfield>
            <marc:subfield code="g">2018 Aug., v. 77, no. 15 p.550-550</marc:subfield>
            <marc:subfield code="d">Springer Berlin Heidelberg</marc:subfield>
            <marc:subfield code="w">Journal:J000001228</marc:subfield>
            <marc:subfield code="x">1866-6280</marc:subfield>
            <marc:subfield code="7">nnas</marc:subfield>
        </marc:datafield>
        <marc:datafield tag="787" ind1="1" ind2=" ">
            <marc:subfield code="o">islandora_article_repository</marc:subfield>
        </marc:datafield>
        <marc:datafield tag="787" ind1="1" ind2=" ">
            <marc:subfield code="o">product_pubag</marc:subfield>
        </marc:datafield>
        <marc:datafield tag="787" ind1="1" ind2=" ">
            <marc:subfield code="o">(Journal)J000001228</marc:subfield>
        </marc:datafield>
        <marc:datafield tag="856" ind1="4" ind2="0">
            <marc:subfield code="u">https://dx.doi.org/10.1007/s12665-018-7723-9</marc:subfield>
            <marc:subfield code="3">Available from publisher's site</marc:subfield>
        </marc:datafield>
        <marc:datafield tag="912" ind1=" " ind2=" ">
            <marc:subfield code="a">Article</marc:subfield>
        </marc:datafield>
        <marc:datafield tag="914" ind1=" " ind2=" ">
            <marc:subfield code="a">Journal:J000001228</marc:subfield>
            <marc:subfield code="b">1866-6280</marc:subfield>
            <marc:subfield code="c">77</marc:subfield>
            <marc:subfield code="d">15</marc:subfield>
            <marc:subfield code="e">550</marc:subfield>
        </marc:datafield>
        <marc:datafield tag="914" ind1=" " ind2=" ">
            <marc:subfield code="f">Environmental earth sciences</marc:subfield>
        </marc:datafield>
        <marc:datafield tag="916" ind1=" " ind2=" ">
            <marc:subfield code="a">Batch:2067</marc:subfield>
        </marc:datafield>
        <marc:datafield tag="917" ind1=" " ind2=" ">
            <marc:subfield code="a">issued</marc:subfield>
        </marc:datafield>
        <marc:datafield tag="918" ind1="2" ind2=" ">
            <marc:subfield code="a">Springer</marc:subfield>
            <marc:subfield code="e">provider</marc:subfield>
            <marc:subfield code="5">DNAL</marc:subfield>
        </marc:datafield>
        <marc:datafield tag="935" ind1=" " ind2=" ">
            <marc:subfield code="a">IND606072394</marc:subfield>
            <marc:subfield code="9">ExL</marc:subfield>
        </marc:datafield>
        <marc:datafield tag="949" ind1=" " ind2=" ">
            <marc:subfield code="a">2018-09-25</marc:subfield>
        </marc:datafield>
        <marc:datafield tag="953" ind1=" " ind2=" ">
            <marc:subfield code="a">/data/metadata/incoming/springer/ftp_PUB_18-09-03_09-51-40.zip</marc:subfield>
        </marc:datafield>
        <marc:datafield tag="954" ind1=" " ind2=" ">
            <marc:subfield code="a">file:/data/metadata/staging/springer/12665-77-15.xml</marc:subfield>
        </marc:datafield>
        <marc:datafield tag="955" ind1=" " ind2=" ">
            <marc:subfield code="a">/data/metadata/staging/springer/</marc:subfield>
        </marc:datafield>
        <marc:datafield tag="961" ind1=" " ind2=" ">
            <marc:subfield code="a">USDA/DA</marc:subfield>
        </marc:datafield>
        <marc:datafield tag="962" ind1=" " ind2=" ">
            <marc:subfield code="a">Batch:2067 reviewed on 2018-09-25T04:00:04Z</marc:subfield>
        </marc:datafield>
        <marc:datafield tag="974" ind1=" " ind2=" ">
            <marc:subfield code="a">agid:6072394</marc:subfield>
        </marc:datafield>
        <marc:datafield tag="983" ind1=" " ind2=" ">
            <marc:subfield code="a">2018-09-04</marc:subfield>
        </marc:datafield>
        <marc:datafield tag="984" ind1=" " ind2=" ">
            <marc:subfield code="a">2018-09-25</marc:subfield>
        </marc:datafield>
    </marc:record>